2054 3090
110 184 160 236 2²6
311 184 375 237 DE'
391 184 716 239 ARCHITECTURA

109 287 296 355 perficiantur,
307 288 460 356 quibusque
468 288 551 339 rebus
559 287 823 355 motusrccipientie
831 301 914 354 prae·

109 360 184 406 stent
199 355 404 407 versationibus
417 355 540 407 infinitas
551 355 700 417 utilitates,
713 360 745 405 ut
754 361 852 406 essent
862 370 911 406 no·

108 424 192 485 tiore,
203 438 284 491 quam
294 424 469 491 apertissime
479 424 568 490 potui,
578 423 736 490 perscripsi.

397 585 529 640 CAPUT
547 586 612 640 Vll.

316 716 321 727 Ι
428 652 506 711 (vulgo
517 652 585 710 XII.)

125 726 172 779 De
195 725 351 779 Ctesibica
376 726 534 791 martios,
564 743 642 797 quse
663 727 816 780 citissime
838 746 889 781 ea-

394 794 482 847 tollit
499 810 618 865 aquom.

157 897 315 966 Insequitur
332 913 406 950 nune
422 899 456 949 de
473 897 613 951 Ctesibica
628 897 766 962 maehina,
788 913 860 967 qnae
877 901 906 950 in

108 966 282 1018 altitudinem
295 980 394 1034 aquam
404 967 509 1029 educit,
523 971 685 1019 monstrare.
720 966 761 1018 Ea
771 966 804 1017 fit
814 982 851 1019 ex
860 981 905 1018 ae-

107 1049 151 1096 re,
165 1035 243 1085 cuins
256 1035 285 1084 in
299 1033 439 1085 radicibus
452 1034 569 1085 modioli
581 1034 649 1086 liunt
663 1035 776 1102 gemelli
791 1033 906 1101 paulum

109 1103 256 1164 distantes,
279 1099 413 1152 babentes
432 1101 539 1153 listulas
560 1100 699 1166 (furcillae
717 1107 782 1153 sunt
800 1101 904 1169 figura)

108 1166 599 1231 similitercohaerentes‚inmedium
608 1170 729 1221 catinum
738 1184 906 1221 concurren-

108 1243 164 1288 tes:
182 1238 211 1288 in
244 1251 281 1287 uo
295 1238 387 1289 catino
402 1236 471 1288 fiunt
484 1251 574 1299 asses,
586 1238 616 1288 in
629 1252 661 1288 su
681 1236 819 1288 erioribus
832 1238 906 1289 nari·

108 1305 159 1356 bus
169 1253 323 1355 fistularum
333 1306 574 1371 coagmentatione
586 1251 683 1356 subtili
695 1304 839 1368 collocati3
859 1305 909 1372 qui

108 1371 339 1439 praeobturantes
352 1371 489 1425 foramina
497 1375 609 1433 narium
622 1387 676 1423 non
685 1373 827 1439 patiuntur
839 1370 907 1440 [exi-

109 1435 151 1506 re]
166 1439 293 1505 spiritum
320 1440 389 1490 uiin
399 1441 519 1491 catinum
529 1445 573 1491 est
583 1454 738 1507 expressus.
773 1440 798 1490 2.
817 1438 909 1507 Supra

111 1507 232 1558 catinum
244 1520 296 1573 pen
328 1511 384 1557 aut
392 1505 597 1559 infundibulum
605 1509 745 1560 inversum
755 1512 799 1558 est
808 1512 907 1558 attem-

109 1577 206 1641 perata
219 1579 247 1624 et
257 1587 306 1640 per
316 1573 428 1625 fibulam
438 1589 498 1626 cum
510 1577 602 1627 catino
613 1589 701 1626 cuneo
711 1577 831 1627 traiecto
842 1589 908 1626 con-

108 1643 225 1703 tinetur,
244 1655 279 1691 ne
292 1641 334 1692 ris
347 1638 501 1693 inflationis
514 1657 602 1710 aquae
616 1657 676 1694 eam
689 1647 773 1710 cogat
785 1641 907 1694 elevare.

108 1708 224 1775 Insuper
234 1708 336 1771 fistule,
347 1723 417 1776 quae
426 1709 495 1762 tuba
504 1710 615 1774 dicitur,
626 1714 821 1778 coagmentata
828 1711 858 1762 in
868 1710 908 1761 al-

108 1778 228 1828 titudine
238 1776 270 1827 at
280 1781 381 1828 erecta
398 1777 519 1829 Modioli
529 1775 907 1830 autembabentiniranures

109 1843 917 1913 inferioresfistularumassesinterpositossnpraforami2

110 1927 146 1963 na
155 1925 263 1976 eorum,
275 1928 345 1980 quae
356 1914 457 1965 suntin
467 1911 569 1964 fundis.
604 1913 628 1964 3.
642 1912 685 1964 lta
695 1912 729 1964 de
740 1913 868 1981 supernis
878 1914 908 1963 in
917 1910 942 1983 ‘⁴3

109 1979 240 2032 modiolis
254 1980 357 2032 emboli
369 1980 486 2032 masculi
497 1986 580 2032 torno
593 1980 675 2047 politi
685 1985 713 2031 et
723 1979 787 2032 oleo
798 1980 908 2032 subacti
941 1986 945 2015 ³

110 2044 907 2116 conclusiqueregnlisetvectibnscommorentur‚[quiul-

110 2123 153 2166 tro
165 2115 285 2183 citroque
290 2114 434 2184 frequenti
441 2123 514 2167 motu
519 2112 681 2182 prementes]
693 2117 786 2166 adrem
795 2117 844 2181 qui
854 2117 909 2165 erit
924 2124 928 2145 ²

109 2183 220 2235 ibicum
230 2198 312 2250 aqua,
323 2184 430 2235 assibus
441 2183 634 2236 obturantibus
643 2182 792 2245 foramina,
803 2187 909 2249 cogunt
924 2164 940 2245 l-

110 2256 138 2301 et
146 2251 296 2303 extrudunt
304 2249 425 2303 inflando
435 2251 627 2317 pressionibus
638 2264 687 2318 per
695 2249 852 2301 fistularum
861 2265 909 2300 na·
922 2294 927 2299 .

109 2320 463 2387 resequamincatinum3e
490 2332 526 2368 uo
534 2319 672 2385 recipiens
682 2316 784 2385 penula
792 2318 908 2385 spiritus
928 2364 931 2369 .

110 2385 455 2455 exprimitperfistulamin
492 2385 650 2448 titudinem
662 2386 740 2437 etita
748 2399 784 2445 ex¹
792 2383 909 2436 inferio-
929 2386 942 2433 “·,.

109 2471 139 2506 re
152 2455 216 2506 loco
231 2451 348 2504 castello
363 2453 502 2504 collocato
513 2451 548 2503 ad
559 2451 713 2504 saliendum
722 2467 795 2520 aqua
804 2451 920 2505 submi.

109 2525 250 2575 nistratur.
285 2521 310 2572 4.
320 2518 380 2572 Nec
388 2527 481 2572 tamen
491 2518 560 2572 haec
570 2519 632 2572 sola
640 2521 713 2572 ratio
725 2519 843 2572 Ctesibii
851 2517 908 2570 icr-

108 2598 154 2642 tur
163 2590 310 2656 exquisita,
322 2589 371 2641 aed
382 2591 465 2640 etiam
474 2588 568 2656 plures
578 2594 607 2640 et
615 2589 700 2640 variis
710 2587 860 2655 generibus
870 2587 907 2640 ab

110 2674 143 2710 eo
157 2660 266 2726 liquore
284 2658 475 2723 pressionibus
495 2662 593 2707 coacto
613 2656 727 2723 spiritus
748 2653 850 2707 efferre
869 2654 906 2706 ab

110 2731 353 2780 naturamutuatos
362 2722 480 2779 effectus
488 2721 906 2788 ostenduntur,utimerularum
