2054 3090
341 239 467 292 LIBER
483 241 502 292 1.
532 240 617 294 ΟΛΡ.
636 238 682 294 vl.
873 243 906 296 ²5

106 343 227 394 minibus
238 347 286 394 aut
294 342 427 394 montium
438 343 570 409 procellis
581 349 679 395 tracta.
703 346 743 395 ll.
758 343 909 396 Praeterea

106 425 190 462 aurea
200 409 366 472 matutinae,
378 424 447 476 quas
456 411 513 472 sol,
525 425 587 461 cum
597 413 715 477 emergit
725 411 759 461 de
770 411 909 462 subterra-

106 493 160 530 nea
168 482 258 544 parte,
269 477 407 527 versando
417 476 510 541 pulsat
519 478 592 528 aeris
603 476 755 539 humorem,
767 485 796 528 et
805 478 909 545 impetu

106 544 267 597 scandendo
286 543 441 609 procedens
458 545 588 611 exprimit
601 560 729 595 aurarum
744 545 909 595 antelucano

107 613 208 678 spiritu
217 610 309 673 flatus,
321 612 368 678 qui
378 626 440 661 cum
450 618 550 662 exorto
561 612 908 677 solapermanserint,Eur·i

106 679 184 731 venti
192 683 290 730 tenent
299 683 402 743 partes.
427 677 463 728 Et
471 693 505 728 ea
513 693 554 740 rc,
566 680 640 745 quod
652 695 686 729 ex
696 680 771 729 auris
781 694 909 745 procrea-

106 755 165 808 tur,
177 760 194 796 a
204 744 320 796 Graecis
328 738 402 808 εὖρος
411 745 521 795 videtur
531 760 594 796 esse
605 747 769 812 appellatus.
806 747 909 797 Crasti·

108 829 159 865 nus
169 812 345 891 quoquedies
354 818 468 930 propter
475 827 556 862 auras
564 814 713 863 matutinas
723 810 811 878 αὔριον
822 813 910 863 fertur·

108 895 171 931 esse
182 884 330 930 vocitatus.
379 885 428 929 unt
436 884 528 929 autem
537 879 671 942 nonnulli,
683 881 731 946 qui
740 881 909 946 negantEra-

106 944 525 998 tostheuemverammensuram
533 946 609 997 orbis
617 947 843 1013 terraepotuisse
852 948 908 998 col-

107 1015 209 1082 ligere:
224 1028 294 1080 quae
304 1013 363 1063 sive
374 1019 417 1064 est
427 1020 504 1064 certa
516 1014 575 1064 sive
588 1029 644 1064 non
657 1027 735 1076 vera,
750 1029 804 1063 non
816 1020 910 1079 potest

109 1087 206 1133 nostra
217 1081 355 1145 scriptura
363 1095 418 1130 nou
430 1095 511 1131 veras
525 1079 628 1131 babere
643 1081 853 1131 terminationes
866 1096 909 1131 re·

109 1147 309 1216 gionum,unde
320 1153 465 1197 ventorum
476 1147 590 1212 spiritus
602 1147 736 1197 oriuntur.
748 1148 787 1196 12.
799 1147 874 1214 Ergo
885 1149 909 1198 si

108 1215 604 1276 itaesttantumcritutinoncertam
612 1215 908 1276 mensuraerationem,

110 1282 161 1334 sed
171 1288 219 1333 aut
228 1281 349 1332 maiores
359 1282 478 1347 impetus
487 1287 535 1331 aut
544 1281 666 1331 minores
678 1277 798 1331 habeant
806 1282 908 1349 singuli

110 1350 194 1400 venti.
207 1348 344 1409 Quoniam
353 1346 422 1399 baec
433 1348 910 1414 anobissuntbreviterexposita,ut

110 1415 222 1468 facilius
232 1415 436 1482 intelligantur,
450 1417 538 1467 risum
551 1422 594 1466 est
604 1414 672 1466 mibi
682 1416 709 1466 in
722 1423 847 1468 extremo
864 1433 910 1468 vo·

109 1484 214 1534 lumine
228 1481 346 1545 formas,
361 1484 419 1533 sive
433 1483 474 1534 uti
489 1483 591 1534 Graeci
602 1481 720 1547 σχήμαια
731 1484 838 1546 dicunt,
854 1484 909 1535 duo

111 1550 263 1617 explicare:
281 1566 365 1600 unum
376 1551 416 1600 ita
426 1549 623 1612 deformatum,
637 1556 669 1601 ut
678 1558 822 1616 appareat,
837 1553 910 1602 uude

111 1618 181 1669 certi
193 1623 339 1668 ventorum
352 1617 466 1682 spiritus
481 1619 617 1669 oriantur:
637 1618 767 1679 alterum,
782 1619 910 1685 quemad-

110 1685 223 1735 modum
236 1683 270 1734 ab
283 1685 388 1749 impetu
402 1699 496 1735 eorum
505 1686 609 1736 aversis
622 1685 822 1737 directionibus
837 1687 910 1737 vico-

112 1768 172 1802 rum
194 1757 223 1803 et
239 1751 394 1816 platearum
416 1753 555 1803 evitentur
573 1760 706 1803 nocentes
722 1751 813 1804 flatus.
849 1753 910 1803 Erit

111 1825 203 1870 autem
215 1819 243 1868 in
258 1825 413 1884 exaequata
425 1819 541 1884 planitie
552 1826 689 1882 centrum,
704 1820 750 1869 ubi
763 1827 806 1871 est
815 1820 910 1871 littera

109 1888 144 1947 Δ,
198 1886 305 1935 omonis
321 1892 412 1935 autem
425 1887 642 1936 antemeridiana
657 1886 753 1936 umbra
765 1888 813 1937 ubi
826 1894 869 1937 est
877 1886 910 1948 B,

111 1961 164 2003 cta
194 1958 302 2013 centro,
318 1952 364 2002 ubi
373 1954 458 2015 esta,
473 1953 586 2003 diducto
598 1954 702 2003 circino
715 1953 786 2003 adid
801 1954 909 2020 signum

110 2018 232 2080 umbrae,
243 2018 290 2068 ubi
301 2026 345 2069 est
353 2018 597 2086 B,circumagatur
607 2020 682 2069 linea
690 2020 908 2071 rotundationis:

109 2087 235 2152 reposito
241 2093 331 2136 autem
341 2087 540 2153 gnomone,ubi
552 2092 633 2136 antea
643 2085 909 2152 fueratexspectan·

110 2154 146 2203 da
156 2159 200 2203 est
206 2153 268 2203 dum
280 2153 432 2214 decrescat,
441 2153 581 2219 iaciatque
591 2153 691 2203 iterum
702 2155 853 2205 crescendo
864 2170 909 2220 pa·

109 2220 407 2271 remantcnreridianae
418 2220 531 2270 umbrae
541 2220 909 2289 posmeridianam,tangat·

110 2302 163 2353 que
177 2286 278 2338 lineam
291 2288 497 2338 rotundationis
511 2287 559 2338 ubi
574 2289 627 2338 erit
636 2288 731 2338 littera
740 2290 769 2340 C.
806 2291 910 2340 Tunca

109 2354 305 2420 signo,ubiest
314 2355 346 2416 B,
361 2362 389 2405 et
399 2355 433 2404 ab
444 2355 535 2421 signo,
546 2354 593 2405 ubi
605 2362 648 2406 est
659 2356 688 2417 C,
698 2357 802 2406 circino
813 2356 910 2407 decus-

109 2422 192 2472 satim
204 2421 377 2473 describatur
387 2421 434 2472 ubi
445 2423 499 2472 erit
507 2420 545 2484 D;
565 2422 665 2474 deinde
676 2438 725 2488 per
738 2424 910 2474 decussatio·

109 2503 181 2550 neni,
192 2487 238 2539 ubi
249 2495 293 2539 est
301 2487 371 2550 D,et
381 2496 504 2539 centrum
514 2489 680 2553 perducatur
691 2491 766 2540 linea
776 2491 811 2540 ad
821 2497 911 2542 extre-

109 2571 196 2617 mum,
209 2555 238 2606 in
253 2570 307 2621 qua
322 2563 402 2606 erunt
415 2556 526 2606 litterae
540 2556 563 2604 E
578 2562 606 2606 et
614 2557 645 2608 F.
681 2557 760 2607 Haec
771 2557 845 2608 linea
859 2558 913 2608 erit

110 2622 195 2673 index
214 2622 385 2672 meridianae
408 2631 437 2673 et
457 2624 684 2688 septentrionalis
699 2625 833 2690 regionis.
871 2626 910 2675 13.

110 2690 190 2739 Tunc
203 2690 308 2740 circino
324 2691 411 2741 totius
425 2690 633 2741 rotundationis
651 2691 785 2742 sumenda
795 2699 911 2758 estpars

110 2761 191 2808 sexta
201 2755 317 2819 decimo,
329 2757 480 2826 circinique
491 2764 614 2808 centrum
624 2758 783 2827 ponendum
793 2760 822 2811 in
831 2760 911 2811 meri·
