2054 3090
110 197 156 246 lid
301 192 355 243 DE
381 191 703 245 ARCHITECTURA

108 299 133 346 in
148 295 238 346 Ponto
257 301 301 345 est
315 293 417 346 flumen
431 294 572 361 Hypanis,
592 295 640 363 qui
653 310 670 345 a
684 294 776 360 capite
790 291 913 361 produit·

107 363 220 414 circitor
229 363 317 413 millia
327 361 512 429 quadraginta
519 376 619 428 saporo
633 362 809 425 dulcissimo,
830 359 908 412 dein·

108 431 141 480 de
153 445 214 480 cum
222 429 351 495 pervenit
360 428 395 479 ad
405 428 511 492 locum,
529 430 577 494 qui
587 435 631 480 est
640 429 674 479 ab
685 430 758 480 ostio
770 427 806 480 ad
818 428 910 479 millia

109 503 218 548 centum
233 497 393 564 sexaginta,
414 495 583 547 admiscetur
596 497 622 546 ei
636 495 789 548 fonticulus
803 494 908 563 oppido

109 580 189 631 quam
203 563 346 631 parvulus:
364 565 390 613 is
406 577 468 614 oum
481 563 511 613 in
524 579 586 614 eum
600 562 704 626 influit,
723 570 789 614 tunc
801 569 910 614 tanum

109 631 327 698 magnitudinem
337 629 459 680 fluminis
469 629 538 682 facit
548 645 683 693 amaram,
696 630 762 681 ideo
791 630 849 681 uod
859 645 910 698 per

110 700 137 748 id
147 713 234 766 genus
245 703 337 748 terrae
348 703 480 760 strenas,
494 697 567 748 unda
577 698 730 749 sandaraca
740 696 769 748 io
793 697 861 760 tur,
869 712 911 748 aa

109 781 181 832 aqua
197 764 334 815 manando
354 765 497 830 perficitur
516 779 618 816 amara.
655 764 794 816 lariaco
816 770 911 815 autem

110 831 292 883 dissimilibus
316 832 463 896 saporibus
486 847 504 880 a
521 838 614 881 terrae
634 832 806 899 proprietate
824 831 908 898 perli-

110 901 231 960 oiuutur,
246 900 287 948 uti
301 899 384 948 etiam
398 899 426 948 in
440 896 577 949 fructibus
587 898 706 950 videtur.
743 898 774 950 si
784 900 858 949 enim
868 913 910 949 ra-

111 968 187 1017 dices
206 965 336 1015 arborum
351 971 398 1015 aut
414 965 511 1015 vitium
527 971 575 1015 aut
588 966 758 1033 reliquorum
774 966 910 1017 seminum

110 1049 166 1084 non
180 1048 214 1084 ex
229 1039 321 1083 terrae
331 1032 549 1098 proprietatibus
564 1047 676 1083 succum
690 1033 827 1098 capiendo
841 1039 910 1084 tem-

112 1106 241 1167 perarent
253 1099 375 1161 fructus,
388 1114 443 1149 uno
457 1114 560 1166 genere
575 1106 669 1151 essent
683 1100 712 1151 in
728 1100 856 1151 omnibus
870 1099 910 1150 lo·

111 1170 151 1220 cis
173 1174 202 1219 et
223 1166 385 1234 regionibus
406 1168 527 1217 omnium
550 1181 675 1233 sapores.
712 1165 768 1218 Sed
787 1167 910 1218 animad-

110 1237 244 1287 vertimus
263 1234 382 1284 insulam
396 1232 509 1285 Lesbon
527 1234 619 1284 vinum
638 1240 795 1301 protyrum,
813 1234 910 1284 Maeo-

112 1304 184 1353 niam
195 1301 479 1362 catacecaumeniten,
490 1302 557 1352 item
567 1299 687 1368 Lydiam
697 1300 852 1363 Tmoliten,
869 1300 911 1352 Si-

112 1369 204 1420 ciliam
215 1368 424 1430 Mamertinum,
439 1368 616 1434 Campaniam
625 1368 786 1431 Falernum,
800 1368 830 1418 in
843 1369 911 1418 'l'er-

110 1437 207 1487 racina
220 1440 249 1484 et
257 1434 362 1491 Fundis
373 1435 545 1498 Caecubum,
562 1435 733 1504 reliquisque
744 1435 815 1486 locis
825 1435 911 1501 pluri·

110 1504 163 1554 bus
175 1501 371 1552 innumerabili
389 1502 565 1554 multitudine
584 1517 689 1571 genera
706 1502 763 1554 vini
781 1502 912 1553 virtutes-

112 1584 165 1637 que
183 1582 346 1636 procreare,
368 1584 438 1634 quae
455 1585 511 1620 non
528 1570 610 1622 aliter
628 1577 745 1638 possunt
763 1569 839 1632 lieri,
857 1568 911 1620 nisi

112 1653 174 1689 cum
198 1643 325 1688 terrenus
345 1634 444 1686 humor
462 1638 521 1688 suis
540 1638 758 1704 proprietatibus
781 1643 911 1703 saporum

112 1706 140 1756 in
158 1704 298 1755 radicibus
321 1702 430 1754 infusus
450 1706 555 1756 enutrit
575 1706 732 1768 materiam,
755 1719 806 1772 per
829 1718 911 1770 quam

71 1808 74 1813 -
113 1772 259 1840 egrediens
275 1770 311 1821 ad
326 1786 458 1822 cacumen
477 1771 629 1838 profundat
646 1772 788 1839 proprium
805 1771 864 1822 loci
883 1777 913 1822 et

112 1841 222 1908 generis
237 1837 280 1889 sui
294 1837 401 1889 fractam
414 1853 551 1905 saporem.
587 1839 627 1891 13.
648 1839 730 1900 Quod
740 1839 765 1890 si
774 1844 852 1890 terra
864 1852 911 1906 ga·

112 1908 224 1958 neribus
239 1903 386 1956 humorum
400 1921 456 1957 non
470 1913 546 1958 esset
559 1906 704 1958 dissimilis
718 1912 748 1957 et
760 1905 911 1972 disparata,

112 1989 166 2024 non
180 1979 286 2024 tantum
296 1974 326 2023 in
336 1972 421 2039 Syria
433 1979 461 2024 et
469 1973 571 2024 Arabia
580 1975 609 2025 in
619 1972 800 2025 arundinibus
810 1979 840 2024 et
852 1972 912 2023 iun·

112 2042 152 2092 cis
163 2039 310 2107 herbisque
321 2041 448 2091 omnibus
462 2046 557 2092 essent
567 2041 682 2104 odoros,
696 2053 786 2108 neque
795 2038 912 2091 arbores

112 2108 246 2159 turiferae
255 2122 345 2173 neque
360 2108 464 2174 piperis
477 2108 577 2160 darent
588 2109 702 2171 baccas,
716 2121 769 2159 uec
780 2104 911 2174 myrrhae

113 2175 259 2242 glebulas„
272 2189 323 2224 nec
343 2175 460 2242 Cyrenis
479 2174 625 2227 interulis
644 2175 721 2227 laser
738 2180 911 2235 nasceretur,

113 2241 200 2292 sedin
211 2241 441 2301 omuibusterrae
454 2241 617 2310 regionibus
630 2248 660 2294 et
668 2242 739 2293 locis
750 2241 851 2293 eodem
864 2254 911 2309 ge-

113 2322 178 2358 nere
197 2309 291 2358 omnia
307 2317 531 2375 procrearentur.
567 2310 627 2360 llas
646 2317 739 2361 autem
758 2309 911 2360 varietates

112 2375 274 2442 regionibus
288 2382 317 2427 et
326 2377 397 2428 locis
408 2377 553 2428 inclinatio
563 2377 659 2429 mundi
672 2383 701 2428 et
711 2375 781 2428 solis
790 2375 912 2442 inpetus

111 2442 225 2508 propius
244 2448 292 2493 aut
308 2443 420 2511 longius
441 2459 552 2496 cursum
575 2443 705 2511 faciendo
729 2442 802 2494 tales
826 2441 912 2495 efficit

111 2517 203 2560 terrae
219 2508 361 2562 humores:
381 2525 452 2577 quae
471 2512 620 2578 qualitates
634 2526 690 2563 non
707 2509 800 2561 solum
818 2509 848 2559 in
867 2505 911 2558 bis

110 2576 193 2629 rebus
207 2577 257 2628 sed
267 2578 351 2629 ctiam
360 2578 389 2628 in
398 2577 548 2644 pecoribus
562 2584 591 2630 et
603 2578 736 2629 armentis
750 2576 912 2628 discernun-

109 2655 163 2696 tur.
199 2644 278 2695 llaec
286 2660 342 2696 non
351 2645 392 2696 ita
401 2645 575 2697 dissimiliter
585 2647 773 2707 efficerentur,
783 2642 838 2694 nisi
867 2656 912 2693 ro·

109 2714 244 2780 prietates
258 2711 431 2779 singularum
445 2719 583 2765 terrarum
595 2714 626 2764 in
637 2711 801 2781 regionibus
819 2724 836 2762 s
867 2724 915 2761 so-
