2054 3090
342 221 466 272 lilBER
485 221 516 275 V.
545 223 628 275 GAP.
648 223 685 277 11.
882 227 913 274 95

108 322 159 372 sed
178 323 219 372 ita
237 325 278 373 uti
298 325 460 389 magnitudo
480 327 659 391 symmetriae
680 340 776 376 eorum
790 326 853 376 loro
872 341 909 374 re-

108 389 255 455 spondeat.
290 391 412 441 Maxime
433 393 544 458 quidem
564 393 642 456 curia
659 393 786 458 inprimis
807 399 850 442 est
866 391 914 442 fa-

109 456 210 507 cienda
224 457 259 507 ad
274 457 439 523 dignitatem
453 460 599 524 municipii
614 461 673 509 sive
690 460 825 509 civitatis:
846 462 910 508 etsi

108 523 245 590 quadrata
257 525 319 586 erit,
331 536 462 590 quantum
473 524 603 576 habuerit
612 526 784 587 latitudinis,
797 526 913 575 dimidia

108 590 205 641 addita
215 592 401 641 constituatur
411 592 544 656 altitud03
564 594 608 642 sin
619 599 711 644 autem
723 593 845 660 oblonga
854 592 912 642 fue-

108 659 160 719 rit,
175 658 322 724 longitudo
340 665 369 708 et
386 659 507 709 latitudo
528 666 723 725 componatur,
744 667 772 710 et
790 673 912 710 summae

109 725 282 790 compositae
294 725 355 775 eius
375 725 490 775 dimidia
504 741 569 792 pars
583 726 634 776 sub
649 726 802 777 lacunariis
821 727 900 777 altitu

110 791 168 842 dini
185 792 274 842 detur.
310 794 334 841 2.
355 791 508 843 Praeterea
523 795 724 860 praecingendi
742 800 807 844 sunt
825 795 913 859 parie-

109 867 153 909 tes
166 859 254 908 medii
267 859 380 909 coronis
395 874 430 911 ex
443 860 577 910 intestino
595 874 679 926 opere
695 868 743 910 aut
757 860 864 910 albario
880 859 913 908 ad

110 925 254 975 dimidiam
274 932 381 990 partem
400 927 565 977 altitudinis.
603 926 681 988 Quae
702 928 726 978 si
748 932 914 986 nonerunt,

110 1007 165 1045 vox
179 992 220 1042 ibi
230 992 431 1062 disputantium
443 994 518 1044 elata
528 993 556 1043 in
570 994 747 1044 altitudinem
756 993 914 1043 intellectui

111 1076 166 1110 non
185 1060 291 1124 poterit
310 1073 373 1110 asse
394 1059 584 1110 audientibus:
608 1076 671 1111 cum
691 1067 784 1110 autem
803 1060 914 1109 coronis

111 1127 264 1192 praecineti
275 1127 398 1192 parietes
407 1136 502 1189 erunt,
516 1141 572 1177 vox
582 1127 616 1177 ab
627 1127 690 1177 imis
700 1133 821 1188 morata,
838 1126 915 1191 prius

111 1208 193 1260 quam
209 1194 237 1244 in
253 1196 319 1243 aera
332 1195 408 1244 alata
422 1192 617 1259 dissipabitur,
639 1194 753 1244 auribus
768 1193 823 1243 erit
835 1192 914 1242 intel·

110 1262 193 1311 lecta,

400 1362 541 1426 *CAPUT
566 1363 621 1415 ill

138 1445 185 1497 De
206 1446 335 1496 theatro
358 1445 485 1514 eiusque
505 1446 629 1499 salubri
650 1445 889 1511 constitutione.

163 1530 232 1581 Cum
245 1529 336 1581 forum
352 1532 534 1582 constitutum
548 1531 647 1594 fuerit,
665 1537 723 1583 tum
738 1531 854 1583 deorum
867 1531 916 1579 ivn-

113 1597 272 1650 mortalium
287 1596 385 1648 diebus
399 1597 481 1649 festis
495 1599 624 1649 ludorum
635 1598 857 1666 spectationibus
868 1597 917 1647 eli-

112 1665 219 1732 gendus
235 1670 278 1714 est
291 1664 370 1715 locus
383 1663 494 1716 theatro
505 1681 586 1732 quam
602 1666 815 1727 saluberrimus,
832 1665 874 1714 uti
887 1665 916 1713 in

112 1733 200 1798 primo
220 1731 292 1781 libro
314 1732 348 1782 de
367 1732 578 1784 salubritatibus
598 1734 627 1782 in
641 1734 781 1784 moenium
795 1731 916 1781 colloca-

112 1799 236 1849 tionibus
247 1804 291 1848 cst
300 1799 443 1865 scriptum.
480 1797 623 1850 Perludos
635 1800 707 1849 enim
718 1815 780 1849 eum
791 1798 915 1863 coniugi-

112 1867 165 1916 bus
182 1872 211 1916 et
229 1865 326 1916 liberis
344 1866 525 1932 persedentes
540 1865 774 1918 delectationibus
783 1864 915 1914 detinen-

112 1945 171 1995 tur,
185 1938 215 1984 et
229 1947 348 1998 corpora
358 1940 471 2001 propter
483 1934 652 2000 voluptatem
660 1934 776 1982 immota
789 1936 916 1998 patentes

113 1999 216 2050 habent
225 2014 325 2062 venas,
335 2000 363 2048 in
374 2015 442 2064 quas
452 2000 576 2050 insidunt
586 2015 714 2049 aurarum
724 1997 821 2059 flatus,
836 1998 882 2064 qui
893 1997 915 2046 si

113 2083 130 2116 a
144 2065 306 2134 regionibus
321 2065 491 2132 palustribus
500 2072 548 2116 aut
558 2068 620 2116 aliis
630 2066 792 2132 regionibus
807 2065 916 2115 vitiosis

113 2134 275 2194 advenient,
295 2138 429 2183 nocentes
448 2134 561 2199 spiritus
578 2133 743 2200 corporibus
761 2131 915 2182 infundent,

112 2202 208 2269 ltaque
218 2201 244 2251 si
256 2200 395 2250 curiosius
404 2199 524 2266 eligetur
533 2200 613 2250 locus
623 2199 747 2262 theatro,
757 2200 917 2250 vitabuntur

112 2270 189 2320 vitia.
224 2271 249 2318 2.
268 2267 416 2332 Etiamque
440 2267 639 2332 providendum
660 2275 715 2330 est,
739 2282 774 2318 ne
797 2269 916 2332 impetus

113 2336 215 2386 habeat
227 2352 243 2385 a
252 2335 382 2386 meridie:
403 2335 447 2384 sol
458 2335 529 2384 enim
541 2349 602 2384 cum
612 2336 709 2401 implet
720 2335 779 2385 eius
792 2332 916 2384 rotundi-

112 2410 213 2463 tatem,
229 2407 277 2453 adr
288 2402 436 2453 conclusus
448 2408 608 2463 curvatura,
624 2416 713 2468 neque
724 2399 829 2451 habens
840 2406 917 2467 pote-

113 2476 214 2520 statem
228 2469 362 2537 ragandi,
381 2469 519 2520 versando
535 2469 734 2531 confervescit,
754 2475 783 2518 et
796 2467 917 2516 candens

114 2538 209 2588 adurit
223 2537 408 2604 excoquitque
424 2543 453 2587 et
466 2536 605 2586 imminuit
620 2551 635 2586 e
647 2535 811 2601 corporibus
822 2533 917 2584 humo-

113 2620 168 2655 res.
205 2604 272 2655 ldeo
287 2605 406 2654 maxime
423 2604 553 2654 vitandae
568 2609 634 2653 sunt
651 2603 771 2653 vitiosae
785 2601 918 2668 regiones

113 2679 143 2724 et
161 2671 308 2740 eligendae
328 2671 464 2722 salubres.
500 2672 524 2723 3.
542 2671 796 2721 Fundamentorum
817 2674 917 2731 autem,

113 2739 138 2790 si
148 2739 177 2791 in
187 2739 328 2791 montibus
339 2738 433 2802 luerit,
444 2738 556 2792 facilior
567 2740 621 2790 erit
630 2739 717 2803 rati03
729 2737 780 2790 scd
789 2736 920 2789 sincees·
