2054 3090
114 219 162 272 134
306 221 361 280 DE
384 223 713 279 ARCHITECTURA

111 322 295 374 domunculae
306 325 512 376 constituuntur
520 323 654 377 habentes
665 327 794 393 proprias
804 325 916 388 ianuas,

111 390 233 440 triclinia
253 397 282 442 et
298 391 426 443 cubicula
445 393 603 455 commoda,
624 394 665 445 uti
684 392 811 460 hospites
830 392 913 442 adve·

109 457 220 509 nientes
237 474 292 508 non
307 459 336 508 in
351 459 498 525 peristylia
513 461 562 510 sed
578 461 605 510 in
620 476 654 511 ea
673 459 824 527 hospitalia
840 460 912 511 reci-

109 524 228 639 piantur.
264 525 334 576 Nam
355 542 416 576 eum
435 525 548 577 fuerunt
561 527 662 578 Graeci
681 528 863 578 delicatiores
883 535 913 578 et

123 598 222 641 ortuna
242 593 444 657 opulentiores,
465 592 620 659 hospitibus
639 593 851 646 advenientibus
870 593 911 644 in-

109 660 254 708 struebant
263 660 394 722 triclinia,
406 661 541 721 cubicula,
548 676 608 711 cum
619 677 691 726 penu
701 662 797 724 cellas,
807 661 911 726 primo-

109 740 161 790 que
183 725 227 775 dic
248 725 283 775 ad
303 741 417 777 coenam
436 728 606 789 invitabant,
626 735 740 794 postero
761 726 911 778 mittebant

108 792 213 856 pullos,
234 809 297 854 ova,
318 793 408 857 olera,
427 809 510 859 poma
521 795 697 861 reliquasque
711 810 757 846 res
771 800 909 862 agrestes.

109 859 175 909 ldeo
195 861 317 925 pictores
333 876 378 924 ea,
398 876 469 926 quae
483 862 663 913 mittebantur
678 859 848 928 hospitibus,
869 861 909 926 pi-

109 928 194 977 cturis
219 928 361 978 imitantes
385 929 468 979 xenia
491 928 708 994 appellaverunt.
744 929 786 979 lta
813 933 908 994 patres

108 993 274 1044 familiarum
293 995 322 1044 in
342 993 464 1061 hospitio
483 1012 539 1046 non
558 996 722 1046 ridebantur
741 1010 804 1046 esse
830 1009 909 1061 pere-

109 1076 170 1127 gre,
190 1060 323 1112 habentes
339 1069 474 1113 secretam
487 1063 516 1112 in
532 1061 574 1113 his
591 1061 776 1128 hospitalibus
795 1063 908 1113 liberta-

109 1135 172 1178 tem.
208 1129 232 1178 5.
255 1129 330 1179 luter
353 1129 407 1180 duo
430 1135 522 1180 autem
547 1130 694 1196 peristylia
712 1131 816 1180 itinera
835 1138 908 1190 sunt,

109 1211 178 1311 puae
193 1196 336 1247 mesauloe
351 1197 492 1258 dicuntur,
509 1197 583 1263 quod
596 1198 669 1248 inter
679 1198 747 1247 duas
759 1197 837 1246 aulas
852 1210 907 1245 me

127 1263 155 1311 ia
165 1271 228 1313 sunt
238 1265 415 1329 interposita3
435 1265 524 1314 nostri
534 1272 625 1315 autem
641 1280 688 1315 eas
704 1264 843 1315 andronas
861 1277 906 1328 ap·

109 1330 222 1394 pellant.
259 1329 314 1381 Sed
334 1329 387 1381 hoc
410 1331 489 1381 valde
510 1338 554 1382 est
572 1331 739 1393 mirandum,
762 1345 815 1381 nec
834 1330 906 1381 enim

109 1410 210 1476 graece
230 1411 281 1446 nec
300 1397 386 1447 latine
406 1405 500 1462 potest
518 1399 676 1450 convenire.
712 1396 814 1448 Graeci
834 1397 904 1447 enim

109 1462 239 1527 ordpdmc
250 1464 391 1529 appellant
401 1479 501 1526 oecos,
516 1464 564 1515 ubi
574 1466 702 1517 convivia
711 1465 805 1514 virilia
814 1464 908 1514 solent

109 1543 186 1589 esse,
207 1529 281 1594 quod
302 1544 335 1579 eo
355 1531 486 1581 mulieres
500 1547 554 1582 non
570 1533 715 1584 accedunt.
750 1533 818 1582 ltem
834 1531 906 1580 aliae

109 1609 155 1644 res
165 1601 228 1643 sunt
239 1596 354 1656 similes,
365 1597 406 1645 uti
416 1605 523 1662 xystus,
534 1594 706 1662 prothyrum,
716 1597 871 1647 telamones
883 1607 911 1646 et

112 1661 243 1712 nonnulla
261 1662 317 1712 alia
336 1663 395 1727 eius
409 1663 496 1725 modi,
516 1661 603 1717 Ξυστός
617 1665 688 1713 enim
703 1677 805 1729 graeca
818 1678 852 1729 ap
873 1663 910 1713 el·

111 1730 217 1779 latione
236 1739 279 1779 est
293 1732 416 1796 porticus
430 1730 522 1798 anrpla
534 1730 694 1791 latitudine,
714 1731 741 1780 in
756 1745 811 1796 qua
824 1679 911 1780 athle-

111 1804 156 1847 tae
171 1811 220 1863 per
234 1795 350 1848 hiberna
363 1805 491 1864 tempora
502 1804 675 1848 exercentur.
711 1795 809 1847 Nostri
819 1802 912 1847 autem

112 1862 281 1931 hypaethras
289 1865 492 1916 ambulationes
500 1864 740 1930 xystaappellant,
749 1878 817 1930 quas
826 1861 912 1914 Grae·

113 1932 139 1981 ci
156 1931 354 1997 παραδρομίδας
377 1933 479 1983 dicunt.
515 1931 583 1982 ltem
603 1929 739 1998 prothyra
756 1944 858 1997 graece
872 1929 912 1980 di«

112 2004 224 2062 cuntur,
248 2014 318 2066 quae
341 2006 405 2050 sunt
424 2005 487 2050 ante
506 2000 603 2050 ianuas
624 1995 776 2060 vestibula3
795 2011 847 2048 nos
865 2012 912 2047 au-

112 2076 168 2119 tem
179 2068 349 2135 appellamus
360 2066 505 2134 prothyra,
522 2082 591 2133 quae
603 2082 703 2134 graece
715 2067 843 2117 dicuntur
853 2061 912 2114 dul-

115 2139 195 2197 ango.
231 2134 254 2185 6.
274 2136 343 2185 ltem
353 2136 378 2185 si
388 2150 443 2200 qua
453 2134 525 2184 virili
535 2134 625 2202 ligura
635 2135 716 2202 sigua
727 2133 849 2184 mutulos
864 2136 911 2181 aut

113 2216 231 2251 coronas
242 2203 394 2262 sustinent,
405 2201 494 2252 nostri
505 2201 658 2253 telamones
669 2201 822 2269 appellant;
833 2198 911 2250 cuius

113 2268 250 2329 rationes,
270 2267 336 2333 quid
350 2268 391 2318 ita
406 2274 453 2318 aut
473 2283 558 2335 quare
572 2268 712 2331 dieantur,
733 2283 768 2319 ex
786 2264 911 2317 historiis

113 2351 168 2385 non
176 2334 365 2385 inveniuntur:
386 2334 485 2385 Graeci
499 2350 564 2385 vero
576 2330 764 2390 eosdrlooroe
777 2334 911 2386 vocitant·

114 2403 188 2454 Atlas
213 2401 286 2452 enim
308 2400 427 2452 historia
450 2401 585 2453 formatur
610 2403 750 2453 sustinens
772 2400 912 2460 muudum,

113 2470 176 2521 ideo
193 2470 267 2536 quod
280 2469 305 2518 is
318 2469 435 2535 primum
448 2481 558 2520 cursum
569 2469 638 2520 solis
650 2475 678 2519 et
688 2469 769 2519 lunae
780 2468 912 2519 siderum·

113 2553 165 2603 que
187 2537 307 2588 omnium
322 2543 399 2588 ortus
416 2542 444 2587 et
462 2551 591 2596 occasus,
611 2536 760 2603 mundique
781 2535 914 2591 versatio·

113 2621 176 2655 oum
192 2605 316 2656 rationes
327 2604 421 2671 rigore
433 2603 517 2653 animi
527 2602 645 2653 solertia
665 2618 700 2653 ue
711 2603 818 2654 curavit
828 2601 914 2652 homi-

114 2672 193 2723 uibus
204 2672 368 2734 tradendas,
383 2685 471 2736 eaque
484 2684 514 2720 re
526 2685 543 2720 a
556 2670 657 2736 pictori
680 2686 711 2721 us
730 2677 758 2720 et
771 2668 914 2721 statuariis

115 2739 288 2789 deformatur
300 2755 349 2804 pro
366 2753 400 2788 eo
413 2737 551 2788 beneficio
566 2737 707 2789 sustinens
721 2737 866 2798 mundum3
887 2734 915 2783 li-
