2054 3090
110 169 157 219 1¹16
309 166 363 217 DE
385 166 712 219 ARCHITECTURA

112 270 218 321 mulina
231 269 348 336 ungula3
365 284 436 337 quae
447 270 532 319 etiam
541 268 759 320 memoratur-ab
769 270 835 325 Anti

111 342 136 387 in
149 337 332 404 provinciam,
351 337 397 386 ubi
408 344 469 386 erat
477 337 645 399 Alexander,
657 350 709 402 per
718 336 822 391 Iollam
872 352 913 391 u!

111 406 218 471 perlata
228 419 305 466 esse,
320 410 348 455 et
362 403 396 453 ab
412 417 447 453 eo
462 419 497 454 ea
510 420 582 470 aqua
591 419 687 472 regem
697 418 763 455 esse
777 410 913 456 necatus.

115 474 152 523 Π.
172 471 239 522 ltem
253 471 369 536 Alpibus
378 472 408 521 in
423 471 498 521 Cotti
514 486 603 538 regno
614 477 658 521 est
671 485 756 537 aqua,
768 486 859 589 auam
872 470 915 539 qui

111 546 226 607 gustant
239 539 332 589 statim
347 539 506 589 concidunt.
542 541 617 605 Agru
636 544 729 588 autem
742 537 767 588 F
799 539 861 590 iseo
874 538 915 588 vlu

112 609 252 673 Campana
264 606 293 655 in
310 621 407 672 campo
423 607 546 656 Corneto
560 612 605 656 est
622 604 715 667 lucus,
736 604 768 655 iu
783 620 841 675 que
855 604 915 656 fons
937 624 941 629 ·

112 676 213 734 oritur,
233 674 329 739 ibique
348 674 440 723 arium
459 679 488 723 et
506 672 674 723 lacertarum
689 671 915 739 reliquarumque

112 742 280 805 serpentium
296 756 361 791 ossa
374 741 497 791 iacentia
509 745 651 807 apparent.
686 738 757 789 item
770 744 840 791 sunt
852 754 915 790 non·

112 809 204 858 nullae
216 807 313 858 acidae
324 822 411 859 venae
421 806 553 870 fontium,
565 808 605 858 uti
616 806 774 873 Lyncesto,
787 812 819 858 et
827 808 856 857 in
867 806 915 856 lta·

111 876 149 925 lia
158 874 273 936 Velino,
285 875 435 943 Campania
444 876 554 936 'l'eano,
570 875 688 940 aliisque
698 873 770 924 locis
781 874 915 941 pluribus,

112 958 183 1008 quae
195 941 297 993 habent
306 943 449 1004 virtutem,
464 943 505 992 uti
517 941 641 992 calculos
650 943 680 991 in
692 940 800 992 rosicis
810 941 860 1009 qui
872 954 915 991 na-

113 1016 227 1060 scuntur
240 1011 269 1059 in
287 1010 453 1075 corporibus
471 1007 626 1071 hominum,
640 1007 809 1126 potionibus
829 1007 915 1059 discu-

113 1077 192 1128 tiant.
229 1077 269 1127 18.
287 1076 365 1127 Fieri
374 1083 467 1127 autem
477 1075 531 1127 hoc
541 1083 640 1127 natura
651 1076 706 1126 iter
713 1074 781 1125 ideo
795 1074 914 1135 ridetur,

114 1145 189 1212 quod
202 1159 268 1195 acer
281 1150 310 1194 et
323 1145 419 1195 acidus
440 1159 540 1195 succus
553 1144 693 1195 subestis
707 1156 742 1192 ea
758 1148 851 1205 terra,
869 1155 916 1209 per

114 1227 197 1277 quarn
212 1211 390 1279 egredientes
403 1226 491 1262 venae
510 1212 686 1278 intinguntur
698 1208 871 1273 acritudine,
886 1213 916 1258 et

114 1281 155 1329 ita
168 1294 229 1329 cum
245 1280 274 1328 in
285 1294 385 1345 corpus
395 1280 530 1339 inierunt,
546 1278 685 1345 dissipant
698 1290 770 1343 quae
784 1291 823 1328 ex
836 1291 915 1345 aqua·

114 1361 174 1395 rum
200 1345 374 1396 subsidentia
399 1345 428 1396 in
456 1346 621 1412 corporibus
647 1350 677 1395 et
705 1342 917 1395 concrescentia

115 1411 301 1462 offenderunt.
337 1412 431 1472 Quare
451 1419 544 1463 autem
567 1411 752 1462 discutiantur
773 1425 810 1463 ex
830 1410 916 1462 acidis

115 1493 165 1528 eae
185 1493 244 1539 res,
269 1479 311 1528 sic
335 1494 482 1544 possumus
506 1478 735 1529 animadvertere.
777 1477 867 1531 Ovum
888 1477 915 1527 in

115 1552 196 1596 aceto
207 1545 231 1594 si
242 1544 345 1595 diutius
356 1547 478 1611 positum
487 1546 582 1609 luerit,
591 1551 689 1597 cortex
699 1545 759 1595 eius
769 1544 918 1596 mollescet

115 1619 143 1663 et
153 1611 333 1662 dissolvetur:
352 1614 419 1663 item
429 1614 582 1680 plumbum,
593 1612 668 1681 quod
678 1611 722 1664 e'st
731 1612 917 1665 lentissimum

114 1686 143 1731 et
158 1679 364 1748 gravissimum,
380 1681 447 1730 siin
461 1696 527 1733 vase
543 1681 713 1732 collocatum
727 1679 827 1736 fuerit,
847 1679 916 1730 etin

114 1763 149 1799 oo
164 1754 273 1799 acetum
288 1746 436 1810 suffusum,
456 1749 486 1799 id
500 1754 592 1799 autem
610 1754 737 1815 opertum
751 1752 781 1797 et
799 1744 916 1798 oblitum

115 1813 167 1882 [si]
183 1816 250 1878 erit,
265 1815 413 1876 efficietur,
429 1817 469 1865 uti
483 1815 625 1882 plumbum
642 1814 812 1865 dissolvatur
825 1820 856 1865 et
868 1814 917 1863 flat

114 1898 236 1933 cerussa.
273 1881 312 1933 19.
331 1883 445 1933 Eisdem
468 1883 624 1933 rationibus
648 1896 710 1944 aes,
733 1880 809 1948 quod
831 1880 916 1934 etiam

114 1950 250 2000 solidiore
261 1956 304 2000 est
314 1956 424 2011 natura,
439 1950 569 2000 similiter
578 1954 704 2000 curatum
713 1946 847 2011 siluerit,
862 1947 916 1999 dis·

115 2018 250 2083 sipabitur
260 2024 288 2067 et
297 2017 347 2068 tet
356 2031 470 2083 aerugo.
505 2017 574 2067 item
584 2015 748 2084 margarita,
759 2030 816 2066 uon
825 2015 916 2065 minus

115 2100 183 2134 saxa
197 2084 308 2146 silicea,
326 2099 397 2150 quae
408 2098 498 2149 neque
513 2083 617 2134 ferrum
631 2097 721 2149 neque
733 2082 809 2149 ignis
822 2086 917 2149 potest

115 2166 164 2215 per
183 2165 213 2200 se
233 2151 401 2214 dissolvere,
422 2167 483 2202 cunr
503 2151 537 2201 ab
555 2151 615 2218 igni
634 2156 700 2201 sunt
716 2148 915 2216 percalefacta,

115 2224 195 2267 aceto
210 2233 308 2283 sparso
322 2218 463 2270 dissiliunt
481 2224 510 2269 et
523 2218 722 2269 dissolvuntur.
757 2216 834 2285 Ergo
854 2230 915 2267 cum

115 2282 163 2334 has
174 2299 220 2335 res
230 2292 294 2335 ante
310 2286 407 2336 oculos
422 2287 463 2336 ita
473 2286 534 2336 lieri
546 2286 703 2347 videamus,
717 2284 917 2335 ratiocinemur

113 2351 212 2402 iisdem
223 2352 378 2407 rationibus
389 2368 425 2405 ex
434 2353 521 2403 acidis
531 2359 647 2420 propter
660 2351 845 2403 acritudinem
856 2366 917 2402 suc·

115 2420 140 2469 ci
158 2422 240 2471 etiam
255 2420 414 2471 calculosos
428 2435 444 2471 e
458 2426 558 2471 natura
570 2435 663 2471 rerum
683 2419 815 2470 similiter
832 2431 915 2486 posse

115 2489 214 2539 curari.
250 2487 292 2539 2⁰.
312 2487 382 2543 Sunt
391 2494 484 2539 autem
494 2489 578 2539 etiam
587 2488 682 2539 fontes
693 2486 737 2538 uti
745 2486 810 2537 rino
825 2484 916 2549 mixti,

114 2556 344 2620 quemadmodum
359 2563 403 2607 est
416 2573 486 2606 unus
497 2555 719 2623 Paphlagoniae,
734 2568 770 2606 cx
779 2568 838 2673 2¹¹⁰
855 2568 916 2604 eam

113 2638 212 2689 aquam
223 2625 283 2676 sine
292 2625 357 2675 rino
368 2630 498 2690 potantes
509 2624 578 2674 liunt
590 2622 745 2674 temulenti.
805 2635 820 2671 e
840 2621 917 2672 ulcu-

114 2691 148 2741 lis
160 2698 253 2745 autern
262 2693 291 2743 in
301 2691 384 2742 ltalia
397 2692 465 2742 etin
475 2692 590 2758 Alpibus
603 2692 717 2742 natione
727 2688 795 2741 Med
838 2690 917 2741 orum
