2054 3090
280 179 405 232 hiltun
421 180 472 235 Vl.
501 181 740 235 PRAEFATIO.
860 185 906 234 ut

106 284 171 338 Non
184 281 273 334 minus
287 284 401 351 poetae,
421 284 468 350 qui
483 285 610 351 antiquas
628 283 787 336 comoedias
807 299 907 352 graece

107 353 294 418 scripserunt,
318 351 430 400 easdem
454 353 608 402 sententias
626 351 753 403 versibus
772 352 800 402 in
825 366 909 402 scena

108 418 369 487 pronunciaverunt,
380 418 561 481 utEucrates,
573 417 737 480 Chionides,
749 417 908 485 Aristopha-

109 502 174 549 nes,
190 485 308 536 maxime
320 486 403 534 etiam
419 501 480 536 cum
495 483 537 536 his
548 486 655 548 Alexis,
672 486 718 552 qui
726 484 908 536 Athenienses

111 555 151 604 ait
160 553 225 603 idco
241 558 371 618 oportere
382 552 503 615 laudari,
537 554 593 603 uod
607 553 728 603 omnium
739 552 909 604 Graecorum

109 622 189 688 leges
201 625 305 686 cogunt
315 626 444 686 parentes
456 621 493 671 ali
505 569 909 683 adiberis,Atheniensiumnon

110 702 220 750 omnes,
250 687 304 737 nisi
329 701 392 749 cos,
422 688 469 754 qui
492 687 596 738 liberos
617 687 722 738 artibus
742 687 909 738 erudisscnt.

111 755 212 806 Omnia
223 754 295 804 enim
305 768 420 803 munera
430 770 446 804 a
455 753 569 805 fortuna
580 770 641 805 cum
649 755 764 818 dantur,
780 754 814 805 ab
826 769 860 805 ea
869 754 909 804 fa-

111 822 215 874 cillime
228 821 399 884 adimuntur3
421 821 584 887 disciplinae
594 837 661 872 vero
671 823 837 872 ‘coniunctae
849 837 909 872 cum

111 890 211 940 animis
226 888 302 938 nullo
318 894 444 953 tempore
455 889 600 952 deficiunt,
617 889 666 940 sed
679 895 842 1005 permanent
856 895 910 939 sta-

110 956 206 1008 biliter
216 954 251 1004 ad
262 970 395 1005 summum
406 957 510 1006 exitum
520 957 602 1007 vitae.
638 957 663 1007 4.
695 963 778 1022 taque
790 970 843 1022 ego
855 970 910 1004 ma-

112 1024 200 1074 ximas
212 1022 390 1088 infinitasque
405 1023 566 1088 parentibus
581 1037 635 1090 ago
651 1029 734 1089 atque
745 1021 834 1072 habeo
850 1037 911 1088 gra-

111 1091 181 1152 tias,
202 1088 275 1155 quod
289 1088 496 1140 Atheniensium
514 1090 606 1158 legem
621 1090 772 1155 probantes
791 1103 834 1138 me
851 1096 910 1138 arte

112 1156 293 1208 erudiendum
302 1162 479 1218 curaverunt,
495 1163 523 1207 et
533 1171 579 1219 ea,
595 1172 664 1223 quae
680 1173 734 1206 non
744 1162 910 1221 potestesse

111 1224 230 1290 probata
254 1225 314 1274 sine
338 1223 484 1274 literatura
511 1224 694 1290 encyclioque
723 1223 911 1272 doctrinarum

113 1291 233 1340 omnium
249 1289 405 1356 disciplina.
441 1291 509 1340 Cum
524 1305 592 1358 crgo
608 1297 637 1341 et
651 1296 795 1356 parentum
805 1305 872 1341 cura
883 1296 912 1340 et

111 1364 324 1424 praeceptorum
333 1358 467 1408 doctrinis
479 1365 573 1409 auctas
585 1357 714 1409 haberem
724 1358 819 1424 copias
830 1357 911 1408 disci-

111 1425 262 1491 plinarum,
278 1423 430 1492 philologis
445 1431 474 1475 et
482 1424 669 1491 philotechnis
680 1425 763 1476 rebus
774 1440 911 1476 commen-

73 1516 76 1522 ·
111 1492 303 1558 tariorumque
314 1493 459 1558 scripturis
469 1508 512 1544 me
524 1493 680 1557 delectans,
697 1508 745 1544 eas
755 1493 911 1560 possessio-

113 1573 162 1609 nes
180 1559 271 1608 animo
285 1561 395 1624 paravi,
413 1561 538 1627 equibus
554 1560 623 1612 haec
634 1568 677 1612 est
685 1560 825 1613 fructuum
840 1577 911 1611 sum·

111 1641 168 1675 ma:
189 1626 290 1676 nnllam
302 1627 363 1691 plus
375 1625 494 1678 habendi
504 1643 567 1679 csse
579 1629 785 1690 necessitatem,
796 1643 911 1695 eamque

112 1707 175 1744 csse
191 1694 388 1758 proprietatem
405 1694 562 1746 divitiarum
572 1697 704 1757 maxime,
721 1694 791 1746 nihil
804 1696 911 1746 deside-

111 1775 184 1810 rare.
222 1758 277 1808 Sed
291 1757 364 1809 forte
378 1762 504 1811 nonnulli
518 1761 587 1813 hacc
601 1763 674 1813 levia
690 1763 846 1812 iudicantes
864 1777 911 1827 pn-

111 1833 186 1887 tant,
208 1839 257 1875 cos
272 1839 334 1874 esse
350 1832 456 1877 tantum
477 1830 629 1895 sapientes,
650 1829 696 1896 qui
712 1830 830 1894 pecunia
849 1835 914 1884 sunt

113 1893 230 1960 copiosi.
267 1891 362 1958 ltaque
377 1893 502 1960 plerique
515 1895 551 1945 ad
563 1895 593 1946 id
606 1897 780 1963 propositum
800 1901 911 1945 conten-

113 1961 211 2011 dentes
228 1959 344 2008 audacia
358 1959 483 2012 adhibita
496 1978 557 2012 cum
572 1963 675 2013 divitiis
687 1963 770 2013 etiam
784 1963 910 2012 notitiam

113 2033 178 2078 sunt
192 2028 343 2077 consecuti.
379 2027 403 2078 5.
422 2028 483 2096 Ego
499 2036 603 2092 autem,
618 2029 733 2092 Caesar,
748 2044 803 2079 non
817 2030 851 2079 ad
865 2044 911 2094 pe-

114 2096 222 2145 cuniam
237 2094 386 2159 parandam
401 2110 436 2147 cx
450 2103 508 2147 arte
524 2097 586 2147 dedi
603 2097 737 2158 studium,
753 2097 802 2147 sed
816 2098 910 2162 potius

114 2164 276 2212 tenuitatem
293 2162 534 2226 cumbonafama,
549 2180 629 2232 quam
645 2163 838 2215 abundantiam
850 2180 910 2214 cum

113 2228 227 2278 infamia
249 2230 416 2295 sequendam
437 2231 566 2297 probavi3
592 2232 656 2283 ideo
680 2231 795 2282 notities
815 2228 909 2298 parum

82 2311 86 2317 ·
115 2302 158 2347 est
172 2304 311 2347 assecutas
332 2298 382 2348 sed
395 2304 488 2349 tamen
503 2297 546 2349 his
561 2299 746 2351 voluminibus
767 2299 862 2361 editis,
881 2307 909 2349 ut

114 2378 210 2428 spero,
225 2365 345 2428 posteris
360 2366 443 2416 etiam
459 2381 507 2417 ero
522 2373 614 2418 notus.
649 2367 745 2433 Neque
760 2368 910 2417 estmiran·

114 2430 190 2492 dum,
207 2430 272 2496 quid
282 2431 322 2481 ita
331 2432 456 2498 pluribus
466 2434 536 2484 simi
559 2441 650 2485 notus.
687 2435 780 2484 Ceteri
794 2432 911 2484 archite-

114 2497 150 2547 cti
160 2503 262 2563 rogant
273 2504 301 2548 et
310 2499 441 2563 ambiunt,
452 2508 483 2551 ut
493 2450 723 2564 architectentun
742 2499 808 2550 mihi
820 2506 911 2550 autem

113 2579 129 2614 a
141 2566 371 2631 praeceptoribus
386 2573 429 2617 est
443 2569 588 2631 traditum,
602 2575 731 2636 rogatum
747 2583 801 2618 non
812 2582 911 2634 rogan-

112 2637 167 2683 tem
180 2638 310 2698 oportere
321 2635 463 2701 suscipere
476 2651 581 2700 curam3
602 2636 676 2703 quod
686 2637 822 2702 ingenuus
833 2635 912 2685 color

112 2705 239 2750 moretur
258 2701 377 2766 pudore,
397 2703 517 2768 petendo
538 2719 596 2755 rem
616 2705 807 2770 suspiciosam„
843 2701 911 2754 Nam
