2054 3090
275 107 413 160 araba
430 110 467 161 ll.
496 108 580 162 cal).
598 109 653 163 lX.
838 106 872 158 53

61 211 345 276 Μιιοθοιψοείω
355 212 426 274 alte,
441 218 473 264 ut
482 217 581 278 posset
590 212 625 263 de
636 225 748 262 summo·
754 209 869 262 sudibus
903 246 905 250 -

62 277 245 344 et-lapidibus
260 279 427 344 accedentes
442 279 589 344 repellere.
625 281 705 329 Tunc
719 292 786 328 vero
807 290 869 327 oum

61 344 284 395 animadversum
296 351 340 395 est
349 345 405 395 alia
416 361 465 397 eos
476 347 533 397 tela
542 353 654 413 praeter
664 345 748 396 sudes
758 359 814 394 non
822 342 868 392 lra-

60 411 141 474 bere,
153 425 244 476 neque
254 412 338 477 posse
349 411 461 479 longius
473 427 576 463 amuro
588 419 702 479 propter
710 412 819 479 pondus
829 410 868 459 ia·
948 469 950 472 ¹

62 478 165 540 calari,
179 479 346 544 imperatum
361 485 405 529 est
419 478 571 530 fasciculos
587 494 623 530 ex
635 480 721 546 virgis
736 479 868 544 alligatos

63 550 91 594 et
109 543 188 595 iaces
207 545 339 596 ardentes
358 546 394 597 ad
413 561 474 596 eam
493 547 676 597 munitionem
701 546 868 596 accedentes

19 638 22 644 n
61 612 183 663 mittere.
219 611 316 678 ltaque
326 613 458 664 celeriter
466 614 570 664 milites
581 619 792 680 congesserunt.
827 610 868 660 io.

63 677 216 744 Postquam
230 677 341 729 flamma
355 680 430 730 circa
445 679 522 730 illam
532 681 676 731 materiam
686 681 780 746 virgas
796 692 869 728 com

49 742 272 811 ¹prehendisset,
290 745 327 796 ad
339 747 449 797 coelum
464 747 575 797 sublata
590 746 686 798 effecit
700 747 868 812 opinionem,

62 812 103 862 uti
111 812 256 864 videretur
264 813 320 862 iam
329 819 391 865 tota
399 813 488 865 moles
499 815 665 865 concidisse.
700 814 767 863 Cum
778 818 869 862 autem

63 894 96 930 ea
105 893 157 944 per
166 894 197 930 sc
208 880 332 930 extincta
342 886 419 932 esset
428 887 457 931 et
466 882 602 946 requieta,
613 882 753 946 turrisque
763 880 870 928 intacta

63 947 253 1012 apparuisset,
274 947 415 998 admirans
431 947 536 998 Caesar
552 948 636 1007 iussit
655 955 734 998 extra
749 946 869 996 telorum

62 1014 224 1066 missionem
242 1027 291 1064 eos
307 1014 520 1065 circumvallari.
555 1013 651 1080 ltaque
662 1016 762 1064 timore
778 1012 869 1062 coacti

63 1080 195 1146 oppidani
206 1095 307 1131 oumse
317 1080 505 1144 dedidissent,
522 1083 677 1148 quaesitum
688 1080 760 1130 unde
776 1084 871 1130 essent

64 1161 97 1196 ea
107 1147 199 1214 ligna,
214 1162 285 1213 quae
296 1147 330 1197 ab
341 1149 399 1216 igni
409 1163 465 1199 non
475 1148 670 1199 laederenturl
691 1149 770 1197 Tunc
786 1147 812 1196 ei
824 1144 869 1194 de-

62 1219 288 1265 monstraverunt
301 1229 350 1266 ees
366 1215 494 1279 arbores,
511 1231 626 1282 quarum
635 1215 664 1265 in
674 1214 717 1264 his
728 1214 799 1283 locis
814 1228 869 1262 ma-

63 1282 153 1332 ximae
169 1287 280 1332 suntco
301 1282 360 1344 iae,
381 1288 410 1333 et
423 1282 488 1333 ideo
509 1284 537 1334 id
555 1283 701 1334 castellum
718 1280 878 1348 Larignum,

64 1349 130 1399 item
137 1348 270 1399 materies
280 1297 390 1416 farigna
400 1356 444 1400 est
452 1350 601 1417 appellata.
629 1351 708 1400 llaec
718 1356 810 1400 autem
820 1363 870 1413 per

65 1415 342 1467 Padum-Ravennam
363 1416 538 1482 deportatur,
560 1419 588 1467 in
606 1418 719 1468 colonia
731 1416 869 1476 Fanestri,

65 1481 184 1546 Pisauri,
193 1484 334 1547 Anconae,
344 1483 526 1551 reliquisque,
538 1500 610 1551 quae
621 1491 686 1536 sunt
694 1486 724 1534 in
735 1499 769 1534 ea
778 1485 870 1550 regio-

65 1563 108 1611 ne,
119 1549 276 1615 municipiis
286 1550 444 1616 praebetur.
480 1552 564 1604 Cuius
575 1553 701 1603 materiei
712 1552 736 1601 si
745 1558 821 1602 esset
830 1550 870 1600 la-

65 1616 154 1667 cultas
165 1618 407 1682 apportationibus
418 1619 453 1669 ad
462 1620 572 1682 urbem,
588 1620 725 1670 maximae
737 1617 869 1669 haberen-

64 1684 148 1749 tur-in
158 1684 294 1735 aediliciis
305 1685 455 1750 utilitatem
467 1688 521 1737 etsi
531 1701 586 1737 non
595 1688 625 1736 in
636 1685 777 1746 omnibus,
794 1690 869 1734 certe

64 1750 175 1801 tabulae
186 1751 215 1800 in
226 1751 404 1818 subgrundiis
416 1755 519 1804 circum
533 1754 640 1804 insulas
651 1756 676 1804 si
686 1758 782 1803 essent
792 1766 827 1802 ex
837 1765 871 1800 ea

65 1818 236 1879 collocatae,
252 1818 286 1868 ab
297 1820 509 1873 traiectionibus
527 1821 722 1872 incendiorum
741 1819 871 1869 aedilicia

65 1884 190 1950 periculo
209 1884 408 1949 liberarentur,
429 1889 505 1954 quod
525 1903 575 1938 eae
594 1902 646 1937 nec
666 1885 803 1935 flammam
819 1899 870 1934 neo
927 1927 930 1934 .

65 1952 729 2020 carbonempossuntrecipereneoiaoereperse.
749 1954 788 2002 l'l.
801 1951 872 2003 Sunt

65 2025 158 2070 autem
168 2034 218 2071 eae
229 2020 345 2072 arbores
356 2021 432 2073 loliis
444 2021 549 2072 similes
560 2022 632 2087 pini,
648 2021 766 2071 materia
776 2034 870 2069 earum

66 2087 189 2152 prolixa,
205 2089 361 2140 tractabilis
378 2089 414 2139 ad
432 2089 594 2139 intestinum
615 2104 685 2154 opus
705 2102 761 2137 non
779 2088 870 2137 minus

66 2169 145 2218 quam
156 2156 299 2222 sappinea,
308 2154 446 2222 habetque
452 2156 572 2206 resinam
583 2155 717 2222 liquidam
727 2155 818 2205 mellis
825 2155 870 2203 At-

65 2221 692 2289 tioicolore‚quaeetianrmedeturphthisicis.
727 2210 870 2288 Desingu-

65 2289 264 2356 lisgeneribus‚
272 2291 371 2358 quibus
377 2291 594 2357 proprietatibus
605 2305 620 2341 e
631 2289 871 2340 naturarerumvi-
902 2347 904 2353 Ι

65 2355 183 2407 deantur
193 2372 255 2408 esse
267 2365 458 2425 comparatae,
470 2358 626 2424 quibusque
637 2364 819 2423 procreantur
828 2370 868 2404 ra·

64 2424 196 2486 tionibus,
208 2426 337 2490 exposui:
349 2425 505 2491 insequitur
515 2425 734 2485 animadversio,
746 2423 813 2489 quid
822 2422 871 2483 ita,

64 2491 182 2555 quaein
201 2491 271 2542 urbe
289 2506 422 2558 supernas
442 2493 543 2542 dicitur
559 2492 649 2554 abies,
674 2491 799 2541 deterior
819 2495 871 2550 est,

64 2571 135 2622 «quaa
149 2557 289 2621 infernas,
306 2560 439 2626 egrogios
457 2560 485 2609 in
502 2559 639 2609 aediliciis
654 2558 690 2609 ad
708 2558 870 2608 diuturnita-

64 2633 119 2675 tem
128 2631 257 2692 'praestat
267 2641 344 2676 usus.
380 2627 416 2677 Et
426 2627 460 2677 de
473 2626 516 2677 his
526 2627 625 2690 rebus,
641 2625 871 2693 quemadmodum
