2054 3090
244 114 292 165 138
442 115 498 168 ΒΕ
518 116 851 169 ARCHITECTURA

242 217 402 283 perscripsi.
437 216 481 269 De
492 217 711 284 expolitionibus
720 225 813 269 autera
822 232 934 280 eoum,
947 222 982 270 ut
989 217 1015 270 ι’
1025 246 1027 263 ι

240 285 385 350 elegantes
399 291 429 335 et
446 284 506 335 siue
525 284 601 336 vitiis
615 286 651 337 ad
669 291 850 348 vetustatem,
868 285 898 336 iu
915 299 1024 354 sequen

239 352 535 418 volumineexponam.
967 360 976 376 ⁶

241 540 938 569 --——-·—--——-·

371 709 553 781 LIBER
591 707 905 781 SEPTIMUS.
949 715 955 726 '

456 955 815 1022 PRAEFATlO.

237 1059 379 1144 Maiores
395 1110 456 1146 cunr
474 1095 616 1162 sapienter
630 1099 687 1144 tuur
703 1093 787 1144 etiam
796 1093 904 1144 utiliter
914 1094 1026 1144 institu

237 1167 309 1222 runt,
320 1175 370 1226 per
380 1162 641 1213 commentariorum
651 1161 805 1212 relationes
815 1161 940 1227 cogitata
950 1162 1025 1211 trad

238 1242 267 1276 re
278 1229 412 1291 posteris,
423 1231 463 1279 uti
476 1245 509 1279 ea
519 1244 574 1278 non
584 1229 744 1289 interirent,
754 1227 805 1278 sed
813 1228 933 1294 singulis
944 1234 1021 1278 aetat

235 1293 288 1343 hus
302 1297 459 1346 crescentia
470 1296 655 1346 voluminibus
670 1295 746 1347 edita
762 1295 899 1361 gradatim
914 1309 1018 1362 perven

237 1364 300 1409 rent
312 1363 497 1412 vetustatibus
516 1363 552 1412 ad
570 1377 704 1412 summam
725 1363 915 1414 doctrinarum
935 1363 1021 1413 subtil

237 1432 331 1477 tatem.
367 1426 463 1495 ltaque
478 1446 533 1479 non
549 1429 707 1479 mediocres
721 1430 771 1480 sed
784 1429 909 1479 infinitae
923 1436 989 1480 sunt
999 1427 1026 1478 hi

238 1495 363 1562 agendae
379 1496 499 1561 gratiae,
519 1496 593 1562 quod
609 1510 664 1545 non
679 1496 819 1548 invidiose
832 1498 949 1547 silentes
964 1512 1026 1563 pra

237 1562 429 1625 termiserunt,
449 1563 500 1614 sed
515 1563 635 1614 omnium
650 1578 784 1629 generum
799 1579 897 1615 sensus
919 1578 1020 1615 consor

237 1629 379 1695 ptionibus
410 1631 562 1682 memoriae
595 1632 749 1682 tradendos
785 1636 961 1681 curaverunt
1023 1662 1027 1667 ι

238 1695 362 1764 Namque
373 1699 396 1748 si
408 1713 463 1750 non
473 1698 514 1748 ita
523 1696 672 1759 iecissent,
687 1713 742 1750 non
752 1700 941 1764 potuissemus
957 1698 1025 1748 scir·

237 1779 309 1881 {uae
319 1780 365 1815 res
377 1766 406 1816 in
416 1767 504 1817 Troia
517 1764 638 1816 luissent
652 1771 762 1831 gestae3
782 1780 834 1816 nec
849 1766 914 1833 quid
924 1760 1025 1816 Thale

265 1833 428 1894 emocritus,
451 1835 645 1899 Anaxagoras,
671 1831 859 1898 Xenophanes
882 1833 934 1883 reli
956 1833 1022 1899 uiqu

238 1897 347 1966 physici
361 1901 517 1952 sensissent
526 1901 561 1950 de
571 1913 663 1949 rerum
675 1905 785 1964 natura3
806 1915 929 2017 quaspue
938 1848 1021 1951 docr

237 1971 292 2028 tes,
303 1965 399 2028 Plato,
409 1968 589 2029 Aristoteles,
600 1966 707 2028 Zenon,
718 1966 854 2032 Epicurus
865 1982 881 2017 a
893 1968 969 2034 iique
979 1966 1026 2034 phi

237 2031 347 2098 iosophi
364 2032 521 2085 hominihus
531 2033 657 2100 agendae
667 2033 741 2084 ritae
756 2035 968 2085 terminationes
979 2033 1025 2084 lini

237 2099 354 2160 rissent;
374 2114 424 2150 seu
439 2101 573 2161 Croesus,
590 2101 760 2163 Alexander,
778 2100 881 2152 Darius
895 2102 1020 2168 ceteriqu

236 2179 319 2232 reges
328 2181 397 2232 quas
407 2182 452 2217 res
462 2174 511 2217 aut
520 2167 619 2234 quibus
629 2168 785 2219 rationibus
795 2170 959 2235 gessissent,
970 2167 1025 2219 iuis

237 2239 300 2284 sent
309 2238 406 2294 notae,
420 2234 473 2284 nisi
489 2235 611 2285 maiores
624 2241 836 2302 praeceptorum
853 2235 1025 2302 comparatio

236 2299 317 2352 nibus
332 2300 453 2352 omnium
469 2301 621 2353 memoriae
634 2303 670 2353 ad
685 2303 879 2369 posteritatem
898 2317 1025 2354 commen

235 2369 314 2421 tariis
338 2368 513 2421 extulissent.
548 2368 573 2419 3.
592 2368 702 2435 ltaque,
732 2371 964 2438 quemadmodum
992 2368 1020 2419 hi

234 2437 343 2550 gratiae
359 2442 424 2486 sunt
438 2437 577 2504 agendae,
593 2436 635 2486 sic
648 2443 747 2488 contra
761 2439 809 2505 qui
822 2453 919 2490 eorum
933 2438 1007 2504 scrip
1016 2459 1027 2478 ι

246 2510 360 2555 urautes
373 2517 423 2570 pro
439 2505 497 2555 suis
512 2503 675 2570 praedicant
687 2510 751 2554 sunt
769 2506 957 2571 vituperandi,
978 2503 1026 2572 qui

234 2583 287 2634 que
298 2587 353 2622 non
364 2572 484 2636 propriis
496 2570 714 2638 cogitationibus
724 2572 848 2623 nituntur
858 2574 1025 2639 scriptorum

235 2638 285 2690 sed
296 2637 397 2689 invidis
407 2638 531 2690 moribus
542 2637 634 2690 aliena
644 2638 782 2690 violantes
797 2640 967 2706 gloriantur,
980 2653 1027 2691 no
