2054 3090
308 215 438 268 lilaea
456 215 506 269 Vl.
534 217 619 268 GAP.
638 217 693 268 lll.
858 219 906 270 125

106 324 153 369 cta
167 331 224 368 non
235 317 347 368 obstant
357 318 505 369 luminibus
515 319 709 370 tricliniorum.
746 318 801 371 Sed
811 335 848 371 ea
860 318 907 371 ba·

107 386 174 436 bent
182 385 211 436 in
222 384 423 436 resectionibus
433 386 590 436 molestiam
600 387 736 452 magnam,
748 386 822 453 quod
832 388 907 445 circa

107 454 229 517 parietes
254 452 399 502 stillicidia
423 451 591 503 confluentia
615 454 759 504 continent
787 454 906 516 fistulae,

107 534 178 586 quae
190 534 244 569 non
256 520 386 570 celeriter
401 520 539 585 recipiunt
549 535 584 572 ex
594 521 736 572 canalibus
747 535 845 587 aquam
860 522 906 571 dc·
918 563 923 570 .

108 587 251 637 liuentem:
271 587 364 652 itaque
374 586 562 637 redundantes
571 594 748 654 restagnant,
761 595 790 639 et
798 589 907 639 intesti-

107 670 170 703 num
184 668 253 718 opus
271 660 299 704 et
312 655 433 719 parietes
446 655 475 704 in
492 655 532 706 eis
547 656 696 721 generibus
716 656 907 706 aedificiorum

107 728 294 785 corrumpunt.
332 721 515 771 Testudinata
534 737 601 772 vero
621 722 660 772 ibi
679 723 760 784 liunt,
784 722 833 774 ubi
851 738 907 773 nou

107 793 172 838 sunt
190 788 308 853 impetus
324 788 429 854 magni,
450 789 527 838 etin
547 789 803 855 contignationibus
823 804 908 855 supra

107 855 248 920 spatiosae
264 854 416 905 redduntur
430 853 626 908 habitationes.
662 856 687 907 3.
705 857 845 908 Atriorum
862 871 906 906 ve-

108 937 138 971 ro
156 921 345 988 longitudines
359 928 388 972 et
404 921 565 973 latitudines
577 922 668 974 tribus
685 925 834 989 generibus
851 922 907 973 for-

108 995 227 1038 mantur:
248 994 276 1039 et
285 990 401 1054 primum
412 1003 500 1055 genus
511 988 697 1052 distribuitur,
708 991 750 1040 uti
759 990 906 1056 longitudo

108 1071 169 1104 cum
183 1057 211 1105 in
223 1057 342 1122 quinque
352 1063 446 1121 partes
457 1055 651 1118 divisasuerit,
666 1063 724 1106 tres
737 1063 831 1121 partes
846 1056 906 1106 lati·

108 1122 197 1172 tudini
208 1123 314 1173 dentur.
348 1123 472 1173 Alterum
483 1138 545 1173 cum
554 1124 584 1172 iu
592 1133 650 1174 tres
660 1130 754 1189 partes
760 1123 907 1184 dividatur,

108 1189 179 1238 duae
192 1196 285 1255 partes
301 1190 443 1240 latitudini
457 1190 621 1240 tribuantur.
657 1191 795 1251 Tertium,
814 1190 855 1241 uti
868 1190 906 1239 la·

109 1257 198 1307 titudo
209 1258 237 1306 in
248 1257 382 1322 quadrato
394 1256 506 1322 paribus
518 1256 652 1308 lateribus
667 1257 855 1319 describatur,
867 1257 907 1306 in-

107 1339 162 1390 que
177 1339 211 1374 eo
227 1325 361 1390 quadrato
376 1324 525 1391 diagonios
543 1325 617 1375 linea
631 1324 759 1387 ducatur,
779 1332 808 1375 et
824 1339 907 1390 quan

107 1397 165 1441 tum
179 1393 298 1456 spatium
312 1390 441 1443 babuerit
455 1406 489 1442 ea
502 1392 578 1443 linea
586 1392 747 1459 diagonios,
761 1398 839 1443 tanta
848 1392 907 1442 lon·

108 1458 205 1524 gitudo
221 1460 292 1509 atrio
309 1460 399 1511 detur.
433 1460 458 1510 4.
477 1460 601 1511 Altitudo
612 1474 725 1521 eorum,¹
736 1459 907 1526 quantalon-

108 1526 204 1591 gitudo
221 1526 317 1588 fuerit,
335 1534 433 1594 quarta
447 1527 560 1594 dempta
572 1528 623 1578 sub
636 1528 731 1578 trabes
746 1527 908 1587 extollatur,

108 1593 244 1659 reliquum
257 1595 463 1645 lacunariorum
479 1601 508 1646 et
521 1610 603 1646 areae
619 1610 704 1661 supra
721 1596 815 1646 trabes
834 1594 907 1644 ratio

107 1658 250 1710 habeatur.
285 1661 343 1710 Alis
359 1661 460 1711 dextra
473 1676 505 1712 ac
518 1663 633 1713 sinistra
645 1662 780 1723 latitudo,
797 1677 859 1712 oum
872 1661 909 1710 sit

105 1727 171 1775 atrii
184 1725 329 1790 longitudo
346 1728 380 1777 ab
393 1728 509 1793 triginta
520 1729 637 1793 pedibus
653 1729 688 1779 ad
698 1729 783 1794 pedes
794 1727 910 1794 quadra-

107 1793 198 1858 ginta,
214 1807 249 1842 ex
258 1793 343 1842 tertia
352 1799 430 1857 parte
441 1795 502 1844 eius
513 1796 707 1846 constituatur.
742 1795 783 1846 Ab
793 1794 908 1860 quadra-

107 1860 185 1925 ginta
196 1858 229 1907 ad
241 1859 327 1923 pedes
341 1860 543 1927 quinquaginta
555 1861 702 1927 longitudo
722 1861 861 1911 dividatur·
880 1861 908 1909 in

108 1932 202 1992 partes
217 1931 274 1975 tres
290 1931 318 1975 et
335 1926 490 1977 dimidiam:
511 1943 547 1979 ex
557 1926 600 1978 his
611 1942 739 1993 unapars
750 1928 803 1977 alis
817 1927 907 1977 detur.

110 1995 176 2042 Cum
192 2000 284 2043 autem
298 1994 352 2043 erit
366 1993 519 2061 longitudo
531 1994 565 2045 ab
582 1995 703 2061 quinqua
723 1993 908 2059 intapedibus

109 2061 143 2110 ad
155 2061 310 2126 sexaginta,
319 2076 383 2126 pars
393 2071 492 2128 quarta
502 2061 686 2129 longitudinis
726 2061 749 2111 ‘s
760 2061 914 2111 tribuatur.

109 2129 147 2177 Ab
164 2128 282 2193 pedibus
294 2129 442 2195 sexaginta
455 2129 490 2180 ad
511 2130 656 2196 octoginta
674 2129 721 2180 lon
744 2128 820 2179 'tudo
841 2127 907 2177 divi-

110 2197 190 2245 datur
200 2197 228 2244 in
240 2201 334 2260 partes
345 2202 464 2262 quatuor
474 2203 502 2247 et
512 2196 664 2248 dimidiam:
685 2211 720 2248 ex
745 2197 770 2246 is
780 2209 908 2261 unapars

111 2264 157 2312 ilat
170 2263 275 2312 alarum
290 2264 419 2314 latitudo.
454 2264 494 2315 Ab
510 2264 629 2330 pedibus
644 2265 789 2330 octoginta
807 2263 844 2313 ad
861 2277 908 2328 pe·

110 2330 158 2380 des
173 2337 282 2380 centum
296 2331 325 2379 in
341 2332 461 2397 quinque
478 2337 573 2398 partes
593 2331 682 2382 divisa
700 2329 847 2398 longitudo
867 2330 907 2379 iu·

110 2404 179 2446 stam
202 2397 380 2448 constituerit
397 2399 571 2450 latitudinem
586 2399 701 2449 alarum.
737 2397 843 2448 Trabes
864 2411 908 2446 ea·

110 2479 168 2513 rum
185 2464 326 2514 liminares
340 2465 380 2515 ita
390 2465 622 2532 eltaoponantur,
636 2471 667 2516 ut
675 2464 836 2517 altitudines
846 2462 908 2514 lati-

109 2531 249 2581 tudinibus
274 2532 330 2581 sint
354 2533 494 2598 aequales.
529 2533 553 2583 5.
580 2532 715 2595 Tablino,
741 2532 766 2582 si
787 2531 907 2582 latitudo

109 2599 173 2648 atrii
186 2600 241 2649 erit
253 2599 354 2665 pedum
371 2601 482 2667 viginti,
503 2601 614 2667 dempta
629 2601 713 2651 tertia
727 2599 788 2649 eius
806 2598 908 2664 spatio,

109 2666 242 2732 reliquum
259 2667 404 2719 tribuatur.
441 2668 472 2720 Si
487 2668 541 2719 erit
555 2669 588 2718 ab
602 2667 720 2733 pedibus
739 2667 855 2732 triginta
873 2665 908 2715 ad

107 2733 305 2803 quadraginta,
324 2749 359 2787 ex
373 2736 439 2787 atrii
449 2736 625 2804 longitudine
645 2734 751 2786 tablino
765 2734 908 2785 dimidium
