2054 3090
287 107 415 159 ursus
430 109 481 162 rv.
509 110 594 161 cae.
612 78 644 161 ιζ
830 111 863 160 rs

59 209 277 272 discriminibus,
288 209 478 262 columnarum
488 211 678 262 inventionem
688 227 778 274 uuam,
789 213 862 263 virili

59 279 120 330 sine
138 283 240 328 ornatu
249 277 350 328 nudam
361 277 470 346 specie,
486 277 603 331 alteram
612 277 742 329 muliebri
756 279 864 330 subtili·-

58 351 118 397 tate
135 350 164 396 et
179 350 278 396 ornatu
291 344 454 411 symmetria
473 360 508 396 ue
527 352 592 397 sunt
605 346 732 397 mutuati.
768 346 792 396 8.
811 345 863 396 Po·

60 412 131 464 steri
148 426 215 462 vero
232 411 374 491 elegantia
390 361 487 463 subtdr

457 413 463 426 '
479 412 601 480 'tuteque
620 412 787 465 iudiciorum
801 428 864 478 pro-

59 478 515 547 gressistgracilroribusmodulis
526 480 781 546 delectati,septem
793 495 865 530 cras·
895 514 899 521 ·

59 545 190 598 situdinis
197 545 349 597 diametros
361 546 390 597 in
397 546 573 598 altitudinem
583 546 865 608 columnaeDoricae,

58 612 173 665 lonicae
183 627 283 664 novem
294 613 508 666 constituerunt⁴
535 613 568 665 ld
577 620 669 665 sutem
680 629 778 682 genus,
790 615 865 678 quod

59 679 282 733 lonesfecerunt
309 681 389 742 rimo,
400 679 525 732 lonicum
535 687 579 732 est
588 683 768 732 nominatum.
798 683 865 733 Ter-

60 749 131 799 tium
141 761 221 810 vero,
233 695 308 815 quod
318 746 494 799 Corinthium
504 747 616 811 dicitur,
627 749 771 815 virginalis
781 746 866 798 habet

62 814 229 883 gracilitatis
239 815 438 877 imitationem,
449 815 524 881 quod
533 815 576 866 vir
597 816 656 866 'nes
666 823 781 881 propter
791 821 865 865 aeta·

62 883 100 933 tis
111 882 289 933 teneritatem
304 881 500 949 gracilioribus
510 897 582 933 mem
602 883 640 934 ris
651 882 787 950 figuratae
799 880 865 931 effe-

63 955 125 1001 ctus
135 948 421 1015 recipiuntinornatu
430 950 616 1000 venustiores.
651 948 676 1002 s.
695 949 763 999 llius
774 956 865 998 autem

64 1015 272 1083 capituliprima
280 1016 405 1067 inventio
412 1015 786 1067 sicmemoraturesselacta.
804 1013 865 1066 Vir-

62 1098 100 1201 {⁰
113 1083 181 1134 ciris
188 1081 404 1145 Corinthiaiam
413 1088 522 1133 matura
532 1083 645 1148 nuptiis,
651 1082 787 1148 implicita
794 1096 866 1131 mor-

83 1165 99 1201 o
110 1151 244 1201 decessit:
275 1156 321 1201 ost
328 1150 498 1216 sepulturam
504 1151 575 1212 eius,
581 1148 681 1215 quibus
692 1163 726 1199 ea
735 1149 814 1214 virgo
827 1149 865 1197 io-

64 1217 135 1269 culis
150 1165 356 1290 delectadsatur,
374 1218 469 1269 nutrix
484 1216 605 1267 collecta
620 1222 649 1267 et
663 1215 819 1282 composita
838 1216 865 1265 in

63 1282 175 1336 calatho
184 1283 301 1350 pertulit
311 1284 346 1334 ad
356 1290 572 1346 monumentum,
584 1290 613 1334 et
622 1285 650 1334 in
661 1298 767 1334 summo
779 1283 866 1333 eollo-

65 1350 154 1413 cavit,
165 1357 194 1402 et
203 1351 245 1402 uti
255 1365 289 1402 ea
297 1356 493 1417 permanerent
503 1352 608 1402 diutius
619 1351 670 1402 sub
681 1351 760 1413 divo,
771 1350 867 1400 tevula

35 1438 37 1440 ’
62 1419 143 1487 texit.
178 1418 205 1469 ls
215 1415 670 1486 calathusfortultosupraacanthi
680 1388 865 1469 radicemdue·

63 1492 109 1537 rat
126 1484 295 1538 collocatus:
313 1486 425 1536 interim
441 1487 565 1552 pondere
580 1501 677 1552 pressa
693 1486 773 1537 radix
787 1500 866 1534 aean

65 1552 106 1605 thi
122 1553 215 1604 media
228 1552 299 1603 folia
314 1548 343 1604 et¹
361 1553 517 1605 cauliculos
533 1553 608 1605 circa
622 1568 734 1604 vernum
757 1560 866 1617 tempus

64 1619 198 1687 profudit,
210 1620 288 1671 cuius
295 1619 583 1672 cauliculisecundum
593 1620 694 1671 calathi
710 1621 799 1670 latera
808 1633 866 1668 ere·

64 1687 375 1754 scentes‚etebaugulis
381 1689 493 1756 tegulae
504 1687 809 1755 ponderisnecessitate
821 1700 865 1734 ex·

63 1755 168 1822 pressi,
182 1753 303 1805 flexuras
312 1755 341 1804 in
352 1761 490 1806 extremas
501 1763 595 1821 partes
607 1754 760 1804 volutarum
772 1751 865 1801 facere

63 1828 128 1873 sunt
138 1823 237 1872 coacti.
275 1823 315 1872 1⁰.
334 1823 413 1884 'l'unc
422 1821 617 1883 Callimachus,
629 1821 676 1887 qui
685 1827 800 1885 proptor
811 1819 866 1868 cle-

63 1889 186 1957 guntiam
207 1895 236 1939 et
258 1889 441 1939 subtilitatem
465 1890 534 1939 artis
551 1901 723 1937 marmoreae
738 1886 771 1935 ab
786 1884 866 1934 Athe-

62 1955 204 2007 niensibus
215 1954 402 2006 Catateohnos
416 1955 508 2005 iuerat
518 1955 683 2015 nominatus,
695 1952 867 2068 quaeterieus

63 2023 118 2073 hoc
129 2029 335 2074 monumentum
346 2022 542 2072 animadvertit
555 2035 617 2071 eum
628 2020 701 2070 calat
720 2035 766 2069 um
777 2026 806 2069 et
816 2019 866 2067 cir·

63 2087 866 2152 cafoliorumuasceutemteneritatem,delectatusquege·

64 2171 131 2208 nere
146 2163 175 2208 et
188 2155 296 2207 formae
313 2156 437 2207 novitate
455 2155 490 2206 ad
512 2155 541 2206 id
562 2154 703 2220 exensplar
723 2153 865 2203 columnas

64 2221 866 2290 apudGorinthiosfecit‚symmetriasqueoonstituitexeo.

65 2291 141 2359 quod
152 2291 181 2342 in
189 2304 303 2357 operum
313 2289 534 2357 perfectionibus
545 2286 683 2339 Corinthii
691 2287 802 2355 generis
813 2286 866 2334 dis-

64 2357 164 2410 tribuit
171 2358 305 2409 rationes.
342 2359 382 2408 11.
400 2357 571 2408 Eiusautem
581 2355 696 2422 capituli
706 2352 868 2420 symmetria

65 2427 107 2478 sic
122 2431 167 2477 est
178 2424 322 2486 facienda,
341 2425 383 2476 uti
397 2429 500 2492 quanta
512 2423 599 2474 fuerit
619 2420 777 2473 crassitudo
796 2420 867 2468 insac

64 2493 221 2555 columnae,
227 2496 307 2543 tanta
316 2492 354 2543 sit
363 2489 482 2543 altitudo
493 2490 609 2557 capituli
619 2504 681 2540 cum
691 2487 793 2538 abaco:
805 2484 867 2535 aba·

64 2562 89 2611 ci
100 2560 220 2612 latitudo
230 2559 272 2610 ita
282 2557 385 2610 babeat
394 2559 545 2621 rationem,
556 2564 587 2609 ut
597 2561 701 2624 quanta
709 2553 797 2606 fuerit
806 2552 867 2603 alti·

63 2627 242 2693 tudo,tantae
253 2625 325 2678 duae
340 2627 396 2678 sint
411 2626 556 2695 diagonioi
566 2625 601 2676 ab
617 2622 720 2692 angulo
731 2621 766 2674 ad
784 2635 866 2688 angu·
966 2691 968 2694 Α
