2054 3090
110 201 159 254 158
288 242 291 249 ,
310 203 363 253 DE
388 201 710 254 ARCHITECTURA

405 336 538 389 CAPUT
563 336 617 390 lii.

108 419 156 474 De
174 421 273 472 minii
290 429 523 486 temperatura,
549 421 596 483 (de
608 417 802 487 chrysocolla,
815 421 912 473 Arme·

320 502 323 507 ·
404 488 450 539 nio
462 494 491 539 et
499 487 617 552 indico.)
795 510 799 518 ·

158 572 294 622 Revertar
316 586 389 621 nunc
413 571 447 621 ad
467 573 546 622 minii
567 577 793 639 temperaturam.
828 570 912 638 lpsae

107 639 181 689 'enim
197 637 312 704 glebae,
332 652 394 688 cum
407 643 472 689 sunt
481 639 591 702 aridae,
606 639 671 706 pilis
680 637 783 689 ferreis
794 643 911 690 contum

109 704 212 754 duntur
221 709 250 754 et
258 704 400 755 moluntur
405 742 413 768 ,
430 712 458 756 et
467 705 621 758 lotionibus
632 711 661 757 et
670 705 792 756 cocturis
803 703 912 757 crebris
937 721 943 732 ·

108 771 217 821 relictis
239 771 411 823 stercoribus
431 773 549 824 eflicitur
568 779 600 824 ut
618 773 767 823 adveniant
785 770 910 824 colores.

109 838 177 888 Cum
189 852 256 905 ergo
267 836 320 889 hae
331 840 449 890 emissae
460 845 526 891 sunt
536 854 571 893 ex
579 840 665 891 minio
676 853 726 906 por
733 838 846 906 argenti
854 838 912 890 riri

109 905 285 956 relictionem
305 921 374 973 quas
389 907 461 957 inse
477 907 617 959 naturales
629 905 765 958 habuerat
781 905 910 968 virtutes,

109 973 229 1024 efficitur
242 979 341 1024 tenera
354 979 454 1024 natrua
467 981 496 1028 et
509 974 613 1025 viribus
626 973 776 1024 imbecilla.
812 975 846 1035 1.,
856 972 911 1024 lta-

128 1055 163 1090 ue
178 1056 240 1092 cum
250 1047 294 1092 est
306 1040 336 1091 in
353 1040 571 1107 expolitionibus
586 1039 760 1092 conclavium
775 1039 861 1091 tectis
870 1041 910 1090 in-

110 1056 234 1171 ductum,
251 1113 395 1174 permanet
403 1108 462 1158 siue
474 1107 548 1159 vitiis
559 1122 610 1159 suo
622 1106 732 1165 coloret
751 1107 910 1174 apertiore-

109 1191 152 1237 ro,
162 1175 191 1225 id
202 1181 246 1226 est
254 1170 410 1242 p'eristyliis
420 1179 469 1225 eut
479 1174 589 1226 exedris
600 1181 649 1226 aut
657 1173 761 1227 ceteris
771 1174 911 1226 eiusmodi

110 1243 196 1303 locis,
216 1257 271 1309 quc
292 1242 337 1292 sol
356 1248 385 1293 et
402 1242 469 1292 luna
486 1242 577 1307 possit
591 1241 755 1309 splendores
771 1246 802 1293 st
814 1240 911 1292 radios

109 1309 282 1370 immittere,
300 1324 362 1359 cum
381 1308 415 1359 ab
430 1309 467 1359 iis
486 1307 565 1360 locus
586 1309 725 1376 tangitur,
746 1308 863 1360 vitiatur
882 1313 912 1359 et

110 1376 213 1425 amissa
231 1376 334 1425 rirtute
354 1374 458 1426 coloris
478 1376 649 1442 denigratur.
684 1375 780 1442 ltaque
800 1390 863 1426 cum
883 1380 912 1426 et

111 1442 161 1491 elii
173 1440 252 1491 multi
271 1446 329 1491 tum
351 1442 435 1492 etiam
444 1442 580 1494 Faberius
601 1442 693 1494 scriba
707 1457 770 1494 cum
783 1442 814 1493 ia
823 1443 911 1494 Aven-

111 1509 169 1558 tino
184 1507 323 1558 voluisset
339 1505 443 1559 hebere
463 1509 575 1560 domum
593 1510 738 1576 eleganter
756 1508 911 1575 expolitam

110 1574 279 1641 peristyliis,
299 1575 421 1641 parietes
437 1591 532 1628 omues
546 1576 655 1629 induxit
667 1576 768 1638 minio,
787 1577 836 1642 qui
846 1581 913 1642 post

111 1642 172 1692 dies
193 1642 313 1708 triginta
323 1640 392 1694 iacti
406 1648 471 1694 sunt
485 1644 635 1696 invenusto
651 1644 785 1710 varioque
804 1642 912 1694 colore.

111 1709 208 1777 ltaque
221 1709 311 1776 primo
326 1709 431 1762 locavit
449 1710 621 1763 inducendos
637 1711 708 1762 alios
728 1709 850 1762 colores.
885 1709 910 1760 3.

109 1778 146 1828 rit
159 1779 184 1828 si
201 1777 262 1844 quis
273 1775 405 1828 subtilior
419 1776 517 1841 fuerit,
532 1783 562 1829 et
575 1777 697 1829 voluerit
710 1775 912 1843 expolitionem

111 1846 275 1896 miniaceam
284 1860 365 1895 suum
373 1844 496 1896 colorem
506 1845 640 1907 retinere,
652 1843 817 1909 comperies
827 1857 912 1909 expo·

112 1911 178 1963 litus
197 1918 226 1963 ct
244 1911 339 1963 aridus
352 1911 452 1974 luerit,
472 1917 539 1964 tuuc
554 1926 645 1963 ceram
660 1910 815 1975 Punicami
854 1911 864 1959 i
879 1909 912 1960 li-

69 2025 70 2031 ,
113 1979 269 2045 quefactam
294 1979 379 2046 paulo
405 1979 468 2029 oleo
491 1984 672 2046 temperatam
696 1983 759 2029 sete
784 1977 814 2027 in
835 1983 912 2027 ucat:

113 2046 214 2096 deinde
229 2051 329 2113 postea
344 2045 510 2098 carbonibus
524 2047 554 2097 in
563 2046 657 2097 ferreo
667 2058 735 2097 vase
748 2043 912 2112 compositis

114 2128 174 2162 eam
185 2128 278 2164 ceram
289 2113 412 2180 apprime
427 2128 488 2163 cum
501 2114 610 2179 pariete
622 2109 816 2163 calefaciundo
831 2109 913 2163 suda-

97 2181 100 2187 '
113 2194 143 2229 re
156 2185 248 2245 cogat,
261 2179 364 2246 fiatque
376 2185 405 2230 ut
415 2186 615 2247 persequetur:
626 2178 728 2231 deinde
737 2175 914 2230 waocande·

113 2246 140 2295 la
150 2246 299 2311 linteisque
309 2246 386 2312 puris
396 2245 519 2313 subigat,
534 2247 575 2298 uti
585 2241 915 2315 signamarmorcanuda

114 2318 251 2363 curantur.
266 2351 270 2357 .
288 2312 313 2363 4.
331 2312 411 2380 Haec
430 2318 522 2364 autem
541 2315 653 2367 κονίασις
672 2314 776 2380 graece
798 2311 914 2363 diciturt

113 2382 153 2430 ita
167 2381 281 2431 obstans
297 2393 378 2431 cerae
390 2378 512 2432 Punicae
523 2381 613 2431 lorica
621 2395 678 2430 non
687 2379 793 2447 petitur
806 2393 860 2430 nse
873 2377 915 2429 ln·

114 2463 164 2498 rrae
175 2447 352 2513 splendorem
363 2461 414 2498 nec
423 2446 491 2498 s'olis
499 2447 593 2498 radios
604 2446 751 2498 lambendo
761 2445 870 2512 eripere
879 2459 918 2498 ex

115 2515 156 2566 liis
173 2513 358 2581 politionibus
372 2514 505 2565 colorem.
542 2514 620 2576 Quae
634 2520 725 2566 autem
740 2513 770 2563 in
779 2510 916 2580 Ephesio-

114 2599 173 2632 rum
187 2581 309 2633 metallis
321 2580 434 2639 fuerunt
451 2582 589 2643 officinae,
608 2596 681 2633 nunc
696 2581 831 2632 traiectae
852 2584 918 2632 suni

115 2651 178 2700 ideo
190 2650 322 2711 Romam,
337 2647 449 2716 quodid
480 2663 548 2699 enus
558 2663 645 2699 venae
655 2653 756 2766 gestes
769 2646 905 2698 estinven

115 2725 171 2767 tum
188 2716 346 2783 Hispaniae
361 2716 471 2782 regioni
491 2731 537 2779 us,
557 2730 593 2766 ex
607 2716 654 2782 qui
675 2732 706 2768 us
721 2713 843 2766 metallis
858 2713 905 2780 glo
