2054 3090
268 198 399 252 {ABER
413 200 465 253 IX.
494 201 578 253 CAP.
597 200 648 254 lv.
807 202 857 252 acl

59 301 125 367 tem,
135 304 216 354 laeso
224 303 296 370 pede
306 299 417 355 calcans
426 303 546 354 mediam
556 299 676 370 frontem
685 304 857 370 Scorpionis.

58 372 100 423 Ad
111 371 235 422 dextram
244 377 351 437 partem
361 369 499 436 Ophiuchi
511 371 609 437 capitis
620 387 675 423 non
689 372 773 439 longe
783 371 857 437 posi·

58 446 118 491 tum
128 444 171 489 est
183 447 266 504 caput
276 439 336 489 eius
349 440 399 505 qui
412 438 515 491 dicitur
523 438 612 491 Nixus
626 441 655 489 in
671 439 800 506 genibus:
811 453 856 489 eo-

59 522 120 557 rum
141 512 233 556 autem
250 505 393 556 faciliores
410 513 475 557 sunt
491 508 611 572 capitum
624 508 744 558 vertices
762 507 797 557 sd
812 519 857 557 co-

60 573 263 642 gnoscendum,
280 573 355 639 quod
364 589 420 624 uon
430 573 556 625 obscuris
567 575 657 625 stellis
673 580 737 625 sunt
748 572 857 624 confor-

60 641 137 692 mati.
173 640 197 691 5.
217 640 271 691 Pes
296 641 480 710 ingeniculati
506 640 543 691 ad
565 641 595 692 id
620 641 735 692 frrlcitur
759 641 858 708 capitis

60 716 169 774 tempus
181 706 338 774 Serpentis,
355 709 403 775 qui
417 714 460 759 est
475 709 548 760 inter
559 710 670 772 Arctos,
687 710 734 776 qui
744 708 859 774 Septen-

61 777 168 828 triones
181 775 318 838 dicuutm,
327 777 497 843 implicatus:
510 774 606 845 [parve
617 791 667 843 per
678 791 728 827 eos
738 775 860 828 flectitur

60 841 238 910 Delphinus]
274 844 379 894 Contra
387 843 517 894 Volucris
527 850 648 894 rostrum
664 844 860 912 estproposita

61 910 145 978 Lyra.
181 910 257 961 lnter
265 908 395 963 hruneros
406 910 537 962 Custodis
548 911 743 962 etGeniculati
750 911 861 961 Corona

63 985 107 1030 est
123 977 259 1029 ordinata.
294 977 325 1029 ln
346 979 558 1045 septentrionali
577 993 644 1030 vero
663 979 769 1029 circulo
789 979 860 1029 duae

62 1045 172 1114 positae
187 1052 252 1097 sunt
263 1046 340 1097 Arcti
356 1046 530 1113 scapularum
550 1045 641 1097 dorsis
655 1047 729 1098 iuter
742 1061 773 1097 se
787 1061 860 1096 com-

62 1115 172 1181 positae
184 1111 239 1180 [et]
251 1114 411 1179 pectoribus
426 1127 554 1177 aversae,
565 1127 581 1164 e
611 1113 692 1164 uibus
701 1114 793 1164 minor
801 1115 861 1160 Κυ-

62 1178 172 1247 νόςουρα
181 1177 363 1243 πιαίοτἙλίκη
374 1196 391 1231 a
400 1179 515 1232 Graecis
530 1129 697 1246 appedlatum
712 1195 860 1246 earumque

64 1248 156 1314 capita
168 1248 241 1299 inter
251 1263 281 1298 se
298 1247 475 1314 dispicientia
489 1255 554 1299 sunt
572 1249 736 1312 coustituta3
756 1249 861 1300 caudae

64 1315 201 1382 capitibus
214 1330 309 1366 earum
323 1316 457 1367 adversae
475 1317 688 1382 contrariaeque
707 1316 861 1382 dispositae

64 1385 229 1451 figurrmtur:
249 1390 427 1449 utrarumque
441 1384 515 1435 euim
529 1384 685 1451 superando
701 1384 861 1436 eminentis

64 1465 179 1502 summo.
213 1449 240 1501 d.
259 1450 314 1502 Per
334 1451 438 1502 caudas
461 1466 557 1502 earum
579 1465 642 1503 esse
664 1451 767 1504 dicitur
795 1452 862 1502 item
955 1489 958 1494 .

66 1518 185 1585 Serpens
201 1525 378 1585 exponerem
399 1533 486 1585 eaque
501 1520 596 1583 stella,
616 1534 685 1586 quae
699 1520 803 1571 dicitur
813 1533 862 1585 po-

63 1588 116 1649 lus,
128 1587 221 1640 elucet
229 1587 333 1638 circum
343 1594 426 1654 caput
433 1588 547 1639 maioris
558 1587 774 1654 septentrionis:
789 1601 862 1636 nam-

64 1669 117 1721 que
129 1670 183 1720 qua
192 1660 236 1706 est
246 1655 384 1721 proxime,
402 1653 584 1723 [Draconem]
597 1654 700 1706 circum
711 1660 794 1722 caput
803 1655 863 1704 eius

64 1722 227 1783 involvitur,
241 1737 296 1772 una
304 1736 371 1773 vero
383 1724 485 1774 circum
497 1723 658 1789 Cynosurae
669 1722 863 1790 caputiniecta

66 1797 109 1840 est
119 1787 194 1839 flexu
202 1798 385 1855 porrectaque
395 1791 521 1856 proxime
532 1791 592 1840 eius
603 1790 701 1856 pedes:
716 1788 762 1839 hic
771 1795 863 1840 autem

65 1859 170 1907 intorta
182 1856 371 1922 replicataque
386 1871 416 1906 se
431 1857 562 1907 attollens
576 1856 732 1907 reflectitur
745 1871 762 1906 a
772 1857 862 1922 capite

65 1924 182 1974 minoris
197 1923 231 1973 ad
245 1925 379 1974 maiorem
389 1925 463 1975 circa
472 1931 595 1975 rostrum
608 1930 637 1975 et
646 1925 745 1992 capitis
755 1929 862 1991 tempus

66 1993 201 2043 dexmum.
237 1990 305 2040 ltem
322 2005 406 2056 supra
423 1991 539 2041 caudam
557 1992 673 2042 minoris
695 1991 781 2059 pedes
800 1998 863 2042 sunt

67 2056 180 2123 Cephei.
216 2056 418 2126 Septentrionis
432 2065 524 2110 autem
537 2060 653 2109 minoris
668 2064 698 2110 et
710 2057 815 2126 Cephei
828 2060 862 2109 si-

66 2127 182 2178 mulacri
193 2126 349 2191 complures
359 2133 424 2177 sunt
433 2127 532 2177 stellae
543 2125 685 2178 confusae.

119 2194 197 2255 Quae
210 2199 275 2244 sunt
284 2193 319 2243 ad
330 2192 453 2244 dextram
460 2195 575 2245 orientis
585 2195 658 2245 inter
667 2194 862 2260 zonamsigno-

66 2278 125 2314 rum
136 2269 164 2313 et
174 2262 393 2329 septentrionum
407 2261 500 2312 sidera
508 2263 536 2312 in
547 2262 627 2312 coelo
642 2261 779 2328 disposita
793 2261 862 2311 dixi:

66 2346 138 2382 nunc
151 2329 297 2397 explicabo
330 2343 383 2379 uae
398 2329 432 2380 ad
446 2331 585 2381 sinistrum
601 2330 716 2380 orientis
736 2329 862 2380 meridia-

65 2400 163 2467 nisque
173 2397 297 2465 partibus
353 2401 451 2448 natura
460 2403 524 2448 sunt
535 2396 692 2450 discitum.

370 2478 501 2530 CAPUT
527 2476 561 2530 V.

272 2589 273 2592 ,
389 2543 544 2603 (vulgovll.)

68 2602 127 2664 (De
154 2602 315 2655 sideribus
346 2602 387 2653 ad
414 2600 584 2653 sinistram
616 2600 753 2653 orientis
778 2600 864 2653 inter

193 2687 305 2723 aonam
322 2669 489 2738 signorum
507 2679 538 2722 ct
554 2669 738 2733 riseridiem.)

119 2739 307 2792 Primumsub
321 2738 490 2806 Capricorno
506 2739 648 2791 subiectus
663 2738 752 2789 Piscis
766 2739 862 2789 austri·
