2054 3090
342 175 474 227 LIBER
489 173 542 228 vi.
571 175 655 228 clu.
675 176 709 230 V.
879 179 925 230 iub

421 312 554 365 CAPUT
580 312 614 366 V.

434 396 606 453 (wlgovlll)

117 468 166 521 De
196 468 427 540 aedificiorum
453 469 598 539 propriis
628 469 707 523 iocis
741 479 770 521 et
798 473 920 539 generi·

119 538 174 589 boo
206 539 247 589 ad
276 552 478 606 quascunque
505 553 718 618 personarum
748 538 920 607 qualitates

384 605 655 658 conuenientibus.

169 690 239 740 Cum
253 689 288 740 ad
302 690 433 757 regiones
448 689 523 740 coeli
539 690 580 741 ita
597 704 632 741 ea
651 689 757 742 fuerint
776 690 937 757 disposita,

117 763 185 808 tunc
196 758 281 808 etiam
291 757 567 810 animadvertendum
580 764 637 821 est,
653 756 753 824 quibus
766 759 922 810 rationibus

116 823 234 890 privatis
249 823 385 875 aedificiis
398 824 514 891 propria
526 825 591 876 loca
603 823 730 892 patribus
743 825 922 888 familiarum,

117 898 147 943 et
160 891 394 959 quemadmodum
409 893 567 943 communia
584 908 645 944 cum
664 894 805 945 extraneis
827 894 921 944 aedifi-

116 961 176 1010 cari
190 959 319 1010 debeant
354 959 480 1026 Namque
495 974 530 1011 ex
543 959 587 1011 his
598 975 668 1028 quae
678 961 793 1028 propria
802 967 879 1022 sunt,
893 963 920 1010 iu

115 1042 151 1077 ea
163 1033 276 1077 nonest
289 1032 416 1093 potestas
431 1027 559 1078 omnibus
571 1027 731 1079 introeundi
752 1027 806 1078 nisi
823 1028 920 1078 invita-

114 1094 165 1158 tis;
186 1094 417 1161 quemadmodum
427 1100 492 1145 sunt
502 1095 642 1158 cubicula,
653 1094 789 1156 triclinia,
802 1095 919 1145 balneae

115 1167 279 1228 ceteraque,
311 1176 382 1229 quae
414 1161 528 1212 easdem
558 1160 663 1212 habent
688 1178 755 1212 usus
786 1162 919 1212 rationes.

115 1229 389 1280 communicantem
408 1235 485 1291 sunt,
503 1228 604 1295 quibus
624 1230 708 1279 etiam
728 1230 852 1279 invocati
868 1245 919 1278 suo

113 1297 176 1347 iure
187 1297 221 1346 de
232 1297 336 1363 populo
347 1302 467 1363 possunt
475 1296 585 1359 venire,
595 1295 625 1346 id
636 1301 680 1346 est
689 1295 840 1358 vestibula,
852 1311 920 1346 cava

113 1364 237 1427 aedium,
248 1365 407 1431 peristylia,
418 1378 545 1431 quaeque
557 1364 674 1415 eundem
685 1361 788 1418 habere
801 1370 919 1430 possunt

113 1448 204 1483 usum.
240 1430 328 1498 Igitur
348 1430 391 1481 bis
412 1431 459 1498 qui
475 1431 616 1482 communi
633 1437 699 1482 sunt
716 1430 843 1494 fortuna,
862 1445 917 1481 non

114 1500 276 1551 necessaria
293 1500 443 1567 magnifica
459 1499 610 1562 vestibula,
631 1512 684 1549 nec
701 1498 808 1549 tablina
827 1513 917 1565 neque

115 1567 200 1628 atria,
212 1567 286 1632 quod
297 1565 325 1616 lri
336 1567 399 1618 aliis
411 1567 503 1617 officia
512 1572 658 1633 praestant
667 1566 831 1629 ambiundo,
845 1581 917 1633 quae

114 1634 148 1684 ab
165 1632 230 1684 aliis
245 1634 411 1685 ambiuntur.
448 1635 472 1684 2.
492 1634 547 1696 Qui
565 1641 658 1684 autem
678 1633 816 1685 fructibus
835 1635 915 1683 rusti-

112 1701 152 1752 cis
170 1701 308 1764 serviunt,
320 1701 350 1751 in
365 1716 461 1751 eorum
474 1701 622 1752 vestibulis
637 1701 761 1763 stabula,
775 1699 918 1763 tabernae,

111 1769 139 1818 in
161 1767 278 1816 aedibus
297 1775 426 1835 cryptae,
446 1766 563 1831 horrea,
583 1766 738 1834 apothecae
759 1774 918 1832 ceteraque,

112 1849 187 1914 (puae
207 1832 360 1902 adfractus
375 1835 528 1886 servandos
544 1835 635 1902 magis
651 1849 732 1900 quam
752 1834 786 1883 ad
807 1833 918 1950 elefan-

112 1910 170 1953 tme
183 1901 314 1951 decorem
323 1910 442 1969 possunt
455 1917 531 1964 esse,
542 1903 585 1952 ita
597 1908 663 1952 sunt
674 1900 812 1950 facienda.
862 1911 917 1951 tem

111 1968 321 2021 feneratoribus
341 1976 370 2020 et
388 1969 544 2035 publicanis
560 1968 753 2019 commodiora
767 1975 795 2018 et
811 1969 916 2034 specio-

112 2037 190 2087 siora
205 2042 233 2085 et
247 2035 281 2086 ab
299 2037 409 2086 insidiis
419 2041 490 2086 tuta:
511 2035 671 2087 forensibus
683 2041 775 2086 autem
786 2041 815 2086 et
830 2036 917 2086 diser·

111 2105 148 2155 tis
173 2104 350 2170 elegantiora
374 2109 403 2153 et
422 2102 594 2168 spatiosiora
617 2102 652 2153 ad
670 2109 824 2154 conventus
843 2105 915 2154 exci-

113 2171 246 2238 piundos3
266 2170 406 2221 nobilibus
420 2184 500 2232 vero,
521 2171 568 2236 qui
587 2168 710 2222 honores
723 2171 916 2238 magistratus-

131 2253 166 2289 ue
177 2237 301 2305 gerendo
311 2244 455 2303 praestare
466 2237 570 2288 debent
579 2238 672 2289 officia
682 2237 801 2301 civibus,
812 2237 916 2289 facien-

113 2255 149 2356 da
168 2311 232 2356 sunt
248 2305 388 2356 vestibula
400 2303 521 2371 regalia,
544 2305 602 2354 alta
618 2305 704 2368 atria,
725 2312 754 2357 et
766 2305 914 2372 peristylia

113 2372 295 2438 amplissima,
316 2372 418 2435 silvae,
439 2371 697 2440 ambulationesque
717 2374 855 2435 laxiores,
878 2373 913 2422 ad

112 2440 242 2490 decorem
255 2439 412 2490 maiestatis
426 2438 581 2505 perfectae:
598 2447 745 2506 praeterea
764 2437 914 2490 bibliothe-

111 2521 173 2569 cae,
197 2506 412 2572 pinacothecae,
434 2507 583 2569 basilicae,
604 2523 659 2557 non
679 2507 810 2558 dissimili
828 2507 912 2556 modo

111 2589 191 2641 quam
201 2573 376 2640 publicorum
387 2589 501 2640 operum
513 2574 912 2641 magnificentiacomparatoe,

109 2641 183 2709 quod
196 2641 225 2690 in
240 2641 368 2695 domibus
383 2656 479 2692 eorum
494 2642 606 2706 saepius
622 2647 650 2691 et
665 2641 776 2707 publica
794 2640 913 2690 consilia

107 2716 135 2760 et
150 2707 259 2827 pbivata
277 2710 382 2760 iudicia
401 2709 572 2774 arbitriaque
592 2708 784 2824 conficipntur.
819 2707 844 2758 3.
862 2706 911 2756 Er-

187 2785 265 2828 Ira·
