2054 3090
268 187 397 238 Lllihlll
414 189 464 240 lv.
492 186 574 265 csP.
597 189 661 244 Vll.
835 191 868 240 8¹1

63 305 106 342 tes
126 293 234 359 decem:
259 308 294 344 ex
308 293 351 344 his
368 301 464 345 ternae
479 301 572 361 partes
591 295 690 345 dextra
702 307 735 343 ac
753 291 867 343 sinistra

63 361 143 410 cellis
166 361 320 411 minoribus
342 363 401 412 sive
420 362 459 411 ibi
470 362 531 411 alae
548 361 659 420 futurae
681 361 737 410 sint
754 361 865 423 dentur,

62 428 188 493 reliquae
197 428 432 493 quatuormediae
441 429 705 479 aediattribuantur.
741 427 864 494 Spatium

62 495 137 560 quod
152 495 206 544 erit
224 500 288 544 ante
309 495 394 545 cellas
408 497 567 562 inpronao,
586 497 627 546 ita
643 495 782 548 columnis.
794 494 865 543 desi-

63 567 177 628 gnetur,
195 567 227 611 ut
240 562 388 628 angulares
403 569 501 613 annua
514 569 604 626 antas,
625 562 759 629 parietum
775 567 865 612 extre-

33 692 36 696 ·
61 643 170 678 morum
181 642 196 677 e
206 630 335 696 regione,
352 629 539 680 collocentur:
550 630 736 680 duaemediae
747 643 762 679 e
772 644 803 679 re
826 629 865 679 'o-

62 709 96 745 ne
111 697 261 761 parietum,
279 697 326 762 qui
339 698 413 747 inter
426 703 505 748 antas
520 703 549 747 et
560 698 679 748 mediam
694 696 791 747 aedem
818 712 864 746 ue-

61 763 132 824 rint,
152 763 193 812 ita
214 763 418 815 distribuantur
438 771 468 816 et
483 765 557 816 inter
575 771 654 815 antas
673 770 702 815 et
719 764 862 814 columnas

60 830 171 894 priores
181 844 231 896 per
239 831 359 882 medium
369 831 468 882 iisdem
479 831 642 899 regionibus
655 832 760 882 alterae
771 831 863 896 dispo-

61 902 172 947 nuntur:
192 912 297 963 eaeque
311 898 368 949 sint
379 898 436 949 ima
445 898 629 949 crassitudine
638 897 792 949 altitudinis
802 912 863 962 par-

61 969 89 1013 te
102 964 232 1030 septima3
252 965 372 1018 altitudo
388 965 475 1016 tertia
486 971 566 1032 parte
583 965 742 1016 latitudinis
753 964 862 1029 templi3

61 1045 222 1097 summaque
237 1033 367 1083 columna
380 1038 479 1099 quarta
490 1038 570 1099 parte
584 1031 777 1083 crassitudinis
791 1032 862 1079 imae

62 1096 251 1150 contrahatur.
287 1099 312 1150 3.
332 1098 430 1164 Spirae
453 1113 548 1149 earum
566 1099 640 1150 altae
652 1097 768 1148 dimidia
784 1104 863 1162 parte

62 1165 255 1217 crassitudinis
274 1166 353 1217 fiant:
372 1165 494 1217 habeant
512 1166 604 1233 spirae
620 1180 713 1215 earum
727 1162 862 1228 plinthum

62 1231 96 1280 ad
108 1232 242 1283 circinum
259 1233 344 1284 altam
357 1248 424 1284 suae
436 1232 630 1283 crassitudinis
646 1231 760 1282 dimidia
772 1238 863 1296 parte:

60 1304 153 1348 torum
166 1300 280 1365 insuper
293 1316 354 1351 cum
367 1299 504 1367 apophysi
514 1315 636 1351 crassum
652 1304 781 1365 quantum
795 1297 865 1363 plin-

61 1363 136 1416 thus.
172 1366 292 1432 Gapituli
304 1367 422 1419 altitudo
434 1367 550 1419 dimidia
559 1365 765 1417 crassitudinis:
785 1365 862 1414 abaci

62 1431 195 1496 latitudo,
210 1441 312 1499 quanta
325 1435 381 1485 ima
396 1435 552 1486 crassitudo
567 1433 723 1484 columnae:
739 1431 864 1499 capituli·

63 1513 117 1564 que
128 1501 284 1552 crassitudo
295 1501 434 1552 dividatur
442 1503 472 1552 in
481 1508 576 1568 partes
588 1507 659 1566 tres3
672 1515 687 1551 e
702 1500 800 1567 quibus
811 1513 865 1548 una

10 1568 12 1572 '
62 1564 184 1630 plintho,
196 1582 266 1633 quae
277 1569 358 1619 estin
369 1569 471 1630 abaco,
483 1569 575 1632 detur,
586 1569 675 1619 altera
686 1566 800 1625 echino,
809 1573 853 1620 te*¹

63 1633 103 1682 tia
128 1631 341 1699 hypotrachelio
369 1651 430 1686 cum
454 1635 600 1703 apophysi.
634 1637 659 1686 4.
679 1634 769 1701 Supra
791 1644 863 1683 com·

62 1713 140 1750 mnas
153 1702 247 1752 trabes
263 1703 443 1769 compactiles
453 1705 643 1769 imponantur,
657 1703 699 1755 uti
709 1701 765 1752 sint
775 1701 866 1750 altitu-

63 1766 363 1836 dinismodulisiis‚qui
374 1766 866 1837 amagnitudineoperispostulabun-

62 1841 119 1883 tur:
135 1847 240 1902 eaeque
250 1837 343 1888 trabes
355 1839 534 1903 compactiles
544 1842 694 1903 ponantur,
709 1840 741 1884 ut
751 1849 810 1883 eam
821 1830 867 1880 ha-

62 1900 148 1951 beant
162 1904 387 1966 crassitudinem,
402 1912 505 1971 quanta
520 1906 643 1955 summae
655 1902 800 1952 columnae
814 1900 866 1949 erit

63 1966 317 2034 hypotrachelium,
336 1973 418 2022 etita
438 1974 494 2022 sint
508 1977 668 2037 compactae
681 1966 865 2018 subscudibus

64 2042 92 2083 et
111 2037 269 2100 securiclis,
284 2044 315 2088 ut
329 2046 507 2104 compactura
520 2039 636 2088 duorum
650 2035 800 2102 digitorum
819 2031 865 2081 ha-

63 2102 129 2151 beat
141 2101 319 2156 laxationem.
356 2106 423 2155 Cum
434 2107 506 2156 enim
516 2107 590 2155 inter
604 2119 634 2154 se
644 2107 762 2169 tangunt
773 2108 801 2150 et
812 2114 864 2148 non

63 2167 866 2304 illidat?,titillabit&dilatatis

433 2256 452 2290 u
497 2256 585 2289 sun.
639 2276 645 2289 .

64 2308 93 2352 et
107 2319 191 2371 supra
199 2307 322 2372 parietes
333 2256 502 2357 traieclhrrae
516 2307 684 2358 mutulorum
695 2310 773 2372 parte
787 2317 867 2369 quar-

63 2376 92 2420 ta
105 2369 261 2424 altitudinis
275 2373 419 2424 columnae
433 2374 627 2440 proiiciantur:
646 2374 712 2423 item
726 2372 754 2420 in
770 2383 865 2421 eorum

63 2438 204 2493 frontibus
218 2447 432 2509 antepagmenta
445 2442 576 2508 ligantur,
593 2453 731 2508 supraque
749 2451 783 2487 ea
796 2443 865 2502 tym-

38 2507 40 2511 '
64 2522 164 2573 panum
178 2506 287 2626 fastigii
301 2514 441 2560 structura
455 2523 505 2559 seu
519 2507 553 2557 de
567 2507 685 2557 materia
698 2504 865 2556 collocetur:

41 2606 44 2613 ,
64 2589 202 2643 supraque
212 2574 242 2626 id
265 2577 396 2643 astigium
407 2576 544 2637 columen,
556 2572 705 2635 cantherii,
715 2569 867 2638 templaita

64 2647 128 2692 sunt
138 2642 317 2706 collocanda,
329 2650 361 2694 ut
370 2642 544 2694 stillicidium
561 2640 628 2692 tecti
640 2638 761 2691 absoluti
773 2637 866 2688 tertia·

63 2710 106 2759 rio
118 2708 296 2776 respondeat
