2054 3090
339 179 462 263 ursan
479 210 518 264 11.
547 208 632 263 cnr.
650 209 686 263 x„
881 208 915 262 es

109 315 172 377 bus,
191 319 220 365 et
235 312 334 381 quibus
347 313 545 379 temperaturis
560 327 575 363 e
590 326 682 363 rerum
700 317 799 363 natura
814 308 914 379 prinei-

107 383 217 448 piorum
228 381 330 432 babere
341 381 488 431 videantur
496 380 674 441 mixtionem,
685 392 811 445 quaeque
820 380 916 431 insunt

108 451 137 501 in
151 449 270 517 singulis
284 448 433 514 generibus
447 448 565 497 virtutes
583 452 612 496 ot
626 447 706 508 vitia,
728 447 769 496 uti
789 461 845 496 nen
859 447 916 496 sint

110 518 210 584 ignota
228 515 456 576 aedificantibus,
477 514 603 580 exposui.
627 513 714 580 'Ergo
731 513 861 579 quoniam
881 513 915 562 de

112 582 338 649 apparationibus
352 587 397 632 est
412 581 592 647 explicatum,
606 580 636 630 in
651 582 754 631 ceteris
770 579 916 630 volumini-

110 651 161 701 bus
173 649 286 716 deipsis
297 648 433 699 aediliciis
445 653 615 715 exponetur,
631 653 660 698 et
670 647 788 713 primum
804 647 838 697 de
851 646 916 696 deo·

111 717 170 768 rum
182 717 382 767 immortalium
397 715 513 766 aedibus
531 714 618 766 sacris
632 715 709 766 etde
728 729 824 765 earum
843 729 916 780 sym·

110 784 219 835 metriis
236 789 265 835 et
279 782 508 850 proportionibus
523 781 577 844 (uti
591 781 661 833 ordo
675 781 814 849 postulat)
828 781 857 831 in
874 795 916 831 se·

111 851 206 918 quenti
215 851 395 916 perscribam.

230 1120 435 1229 arare
487 1117 807 1192 rasurus
900 1216 901 1219 Ὺ

333 1314 696 1382 PRAEFATIO.

116 1421 278 1518 Delphicus
285 1452 387 1519 Apollo
397 1452 542 1505 Socratem
550 1453 672 1505 omnium
682 1453 917 1521 sapientissimum

114 1518 233 1586 Pythiae
245 1520 388 1586 responsis
399 1526 443 1571 est
451 1520 605 1587 professus.
641 1520 668 1573 ls
679 1527 771 1573 autem
782 1536 916 1573 memora-

113 1595 158 1637 tur
167 1587 320 1653 prudenter
329 1586 549 1655 doctissimeque
560 1588 677 1652 dixisse,
694 1590 853 1656 oportuisse
868 1587 916 1652 bo·-

113 1656 216 1704 minum
226 1659 343 1720 pectora
352 1653 508 1706 fenestrata
517 1662 547 1707 et
556 1662 653 1723 aperta
662 1671 741 1719 esse,
755 1658 797 1707 uti
808 1671 862 1706 non
872 1671 917 1706 oc-

114 1722 204 1772 cultos
220 1720 355 1774 haberent
368 1737 465 1773 sensus
480 1723 530 1774 sed
545 1730 674 1790 patentes
689 1723 724 1774 ad
739 1723 916 1774 consideran-

114 1789 186 1838 dum.
223 1788 332 1839 Utinam
349 1803 415 1839 vero
430 1805 522 1841 rerum
542 1798 654 1854 natura,
673 1790 840 1841 sententiam
857 1791 916 1840 eius

113 1861 222 1917 secuta,
240 1856 379 1922 explicata
394 1862 422 1907 et
432 1859 595 1924 apparentia
609 1873 643 1909 ea
655 1856 862 1908 constituisset!
887 1856 915 1909 Si

113 1923 185 1973 enim
203 1925 243 1973 ita
258 1922 374 1985 fuisset,
388 1939 444 1974 non
457 1925 548 1977 solum
562 1924 659 1976 laudes
670 1926 796 1976 autritia
812 1925 916 1975 animo-

113 2005 172 2040 rum
189 1989 222 2039 ad
239 2005 348 2040 manum
365 1991 568 2056 aspicerentur,
588 1992 638 2042 sed
655 1992 741 2042 etiam
757 1991 915 2057 disciplina-

113 2073 172 2107 rum
186 2056 321 2107 scientiae
336 2057 387 2108 sub
405 2060 548 2109 oculorum
559 2058 813 2109 considerationem
825 2059 916 2109 subie-

113 2132 173 2174 ctae
190 2139 245 2174 non
261 2125 376 2176 incertis
386 2125 498 2177 iudiciis
509 2126 707 2192 probarentur,
722 2125 772 2175 sed
782 2133 811 2176 et
825 2125 915 2176 doctis

113 2198 141 2240 et
154 2191 308 2242 scientibus
325 2193 477 2243 auctoritas
494 2192 609 2260 egregia
628 2199 657 2243 et
673 2192 782 2244 stabilis
801 2194 915 2244 addere-

111 2265 164 2308 tur.
201 2257 290 2324 lgitur
299 2259 430 2325 quoniam
440 2259 510 2315 baec
519 2274 575 2309 non
586 2260 639 2321 ita,
650 2259 701 2310 sed
710 2260 753 2311 uti
764 2267 863 2311 natura
873 2276 915 2311 re-

113 2340 171 2374 rum
180 2325 270 2376 voluit
277 2331 366 2388 ,sunt
375 2327 539 2389 constituta,
550 2341 605 2376 non
616 2327 748 2390 efficitur,
766 2334 797 2379 ut
805 2329 915 2394 possint

113 2390 252 2453 homines,
271 2391 427 2445 obscuratis
438 2394 488 2444 sub
498 2393 659 2459 pectoribus
673 2395 810 2462 ingeniis,
826 2396 914 2446 scien·
1006 2415 1008 2418 >

113 2460 165 2510 tias
184 2459 366 2511 artificiorum
389 2462 499 2529 penitus
524 2461 660 2523 latentes,
682 2461 914 2528 quemadmodum

112 2527 180 2588 sint,
201 2527 335 2578 iudicare.
371 2527 427 2594 lpsi
443 2534 534 2579 autem
551 2529 688 2591 artifices,
709 2529 820 2579 etiamsi
833 2528 914 2593 polli-

112 2600 227 2644 ceantur
236 2609 313 2645 suam
324 2595 512 2661 prudentiam,
527 2595 552 2646 si
562 2610 616 2646 non
625 2595 744 2661 pecunia
754 2597 810 2646 sint
820 2596 914 2662 copio-

111 2659 150 2722 si,
161 2675 211 2711 seu
220 2667 360 2712 vetustate
372 2664 543 2713 officinarum
553 2660 701 2713 habuerint
710 2662 853 2726 notitiam,
867 2668 916 2714 aut

111 2726 195 2779 etiam
205 2729 297 2794 gratia
308 2735 336 2781 et
346 2727 455 2780 forensi
466 2730 627 2797 eloquentia
636 2744 691 2782 non
699 2727 806 2783 fuerint
814 2732 914 2799 parati,
