2054 3090
333 174 457 227 LIBER
473 173 524 228 {K
553 175 637 229 GAP.
655 175 675 230 1.
855 180 902 232 195

106 281 157 331 bus
177 284 221 330 est
233 292 284 345 per
298 292 405 338 omnem
420 278 564 341 mundum,
582 287 613 330 ut
625 281 710 332 etiam
723 281 804 333 nobis
821 297 902 349 appa-

106 353 180 410 reat,
195 362 257 398 cum
273 345 380 396 iaciunt
407 360 458 397 eae
468 346 567 398 stellae
579 359 723 416 regressus
735 352 902 400 etmorstio-

105 430 165 466 nes.
200 415 238 464 Er
259 414 312 464 osi
321 413 405 464 tantis
413 414 568 466 intervallis
577 422 674 467 nostra
687 418 795 484 species
809 423 904 484 potest

106 483 137 534 id
150 430 382 543 animadvertere,
402 481 468 548 quid
483 482 524 533 ita
542 482 732 535 divinitatibus
750 484 903 550 splendori-

107 550 213 616 busque
227 554 366 600 astrorum
379 549 533 600 iudicamus
547 549 732 603 obscuritates
744 551 830 603 obiici
838 565 902 618 pos-

106 616 154 669 sei
190 618 229 668 lr.
248 616 323 683 Ergo
333 617 427 682 potius
438 631 472 667 sa
481 617 552 668 ratio
568 618 649 669 nobis
662 616 815 682 constabit,
829 619 903 686 quod

107 685 216 747 ferror,
237 682 466 751 quemadmodum
484 699 579 736 omnes
595 700 641 737 res
656 694 755 738 evocat
775 688 853 739 etad
872 701 902 737 se

108 753 196 815 ducit,
209 758 241 803 ut
250 752 333 801 etiam
342 749 450 803 fructus
460 766 496 804 ex
504 758 580 803 terra
589 754 735 821 surgentes
745 755 774 805 in
782 754 903 805 altitudi-

107 835 170 870 nem
179 833 229 885 per
241 818 362 876 calorem
372 819 511 883 ridemus,
521 835 577 871 uon
586 821 676 872 miuus
686 837 773 889 aquae
784 837 902 889 vapores

107 887 257 946 afontibus
267 886 303 936 ad
312 886 400 938 nubes
409 901 459 954 per
468 902 548 939 arcus
559 889 689 940 excitari:
710 889 806 940 eadem
819 891 903 940 ratio-

108 970 141 1006 ne
153 955 221 1005 solis
230 955 350 1020 impetus
360 952 508 1006 vehemens
521 955 607 1006 radiis
622 956 728 1024 trigoni
741 955 831 1007 forma
840 971 903 1022 por·

108 1023 192 1073 rectis
211 1023 389 1088 insequentes
406 1022 504 1074 stellas
521 1021 556 1073 ad
575 1037 605 1074 se
624 1024 763 1090 perducit,
791 1030 819 1074 et
837 1030 901 1074 ante

108 1096 250 1141 currentes
259 1089 351 1156 ‚veluti
364 1088 531 1142 refrenando
545 1090 746 1158 retinendoque
763 1106 818 1142 non
833 1091 902 1157 pati-

108 1166 153 1209 tur
165 1156 311 1225 progredi,
331 1157 381 1208 scd
393 1157 429 1210 sd
442 1171 473 1208 se
487 1158 564 1226 cogit
577 1158 689 1225 regredi
703 1165 731 1209 et
744 1159 773 1208 in
787 1159 901 1209 alterius

107 1225 213 1292 trigoni
226 1225 263 1276 'si
301 1240 346 1275 um
368 1239 440 1276 esse.
476 1225 515 1276 13.
533 1224 666 1277 Fortasse
689 1225 916 1288 desiderabitur,¹

109 1293 175 1360 quid
187 1292 228 1343 ita
241 1306 272 1343 so
300 1292 427 1358 quintos
440 1306 471 1343 se
482 1292 562 1373 siguo
576 1293 671 1358 potius
685 1308 766 1373 quam
779 1294 901 1345 secundo

108 1367 156 1412 aut
165 1360 263 1423 tertio,
282 1373 352 1427 quae
362 1365 427 1411 sunt
435 1373 581 1429 propiora,
594 1359 681 1412 faciat
689 1376 718 1410 rn
729 1358 772 1412 his
785 1360 902 1412 ferrori-

108 1428 158 1479 bus
177 1426 365 1479 retentiones!
397 1427 474 1495 Ergo
494 1428 721 1495 quemadmodum
740 1428 769 1479 id
788 1429 849 1479 fieri
863 1429 901 1480 vi·

109 1497 220 1558 deatur,
235 1510 380 1564 exponam.
414 1495 481 1546 Eius
492 1495 564 1546 radii
574 1496 603 1546 iu
615 1496 731 1559 mundo,
746 1497 788 1548 uti
796 1497 902 1565 trigoni

108 1563 219 1682 ⁸pgrribrgs
233 1563 368 1683 later-ibi?
377 1562 479 1626 forma,
494 1563 691 1682 iineatiotniiaus
704 1564 901 1683 esttelnduztur:

107 1647 115 1681 ι
155 1646 312 1683 auemnec
355 1645 388 1683 us
403 1645 455 1683 nec
469 1647 558 1683 mmus
573 1646 603 1683 es
629 1647 646 1682 a
696 1648 743 1682 um
775 1646 833 1683 ma
866 1646 900 1682 eo

107 1700 197 1768 signo.
231 1698 320 1767 Igitur
326 1647 356 1750 1ii
368 1699 440 1750 radii
452 1712 504 1765 per
518 1713 625 1751 omnem
638 1647 768 1750 muirdum
780 1698 837 1749 fusi
850 1700 902 1749 cir-

107 1766 292 1818 cinationibus
301 1773 480 1835 vagarentur,
490 1781 580 1834 neque
591 1766 798 1818 extentionibus
799 1781 900 1884 ¹porre-

108 1834 146 1885 cti
159 1833 194 1884 ad
206 1834 312 1901 trigoni
324 1833 442 1884 formam
456 1833 640 1896 linesrentur,
654 1833 787 1900 propiora
820 1847 899 1900 agra-

108 1905 177 1952 rent,
212 1899 349 1952 {dautem
368 1901 452 1952 etiam
466 1900 614 1967 Euripides
630 1899 800 1951 Graecorum
817 1902 903 1966 poe'ta

107 1967 336 2020 animadvertisse
345 1968 468 2019 videtur:
487 1968 529 2019 uit
538 1968 619 2031 enim,
630 1967 821 2047 quaelongius
831 1983 848 2018 a
858 1982 901 2018 so-

107 2038 134 2089 le
148 2041 256 2099 esseut,
273 2034 343 2087 haec
355 2033 545 2091 vehementius
560 2035 670 2096 ardere,
708 2049 822 2101 roprora
834 2049 900 2086 vero

108 2120 171 2156 eum
198 2109 352 2172 temperata
373 2101 484 2155 habere.
519 2103 615 2171 itaque
638 2050 736 2154 scribit
756 2103 784 2153 in
807 2101 902 2152 fabula

107 2169 282 2224 Phaethonte
298 2171 352 2223 sic:
373 2173 437 2220 καίει
451 2168 484 2220 τὰ
497 2165 600 2238 πόῤῥω,
616 2167 749 2234 τάγγύθεν
763 2165 787 2218 δ’
801 2165 899 2236 εὔκρατ’

106 2242 164 2302 ἔχει.
200 2240 242 2291 14.
261 2237 292 2292 Si
301 2253 368 2311 ergo
379 2254 424 2290 res
435 2245 464 2290 et
472 2238 545 2290 ratio
557 2244 586 2290 et
597 2236 787 2289 testimonium
800 2238 901 2303 poetae

105 2307 209 2360 veteris
219 2306 250 2359 id
259 2305 390 2369 ostendit,
401 2321 456 2358 non
465 2311 532 2374 puto
544 2306 625 2358 aliter
635 2310 765 2372 oportere
774 2304 901 2367 iudicari,

106 2375 162 2427 nisi
179 2375 408 2444 quemadmodum
425 2375 459 2425 de
473 2388 508 2424 sa
520 2388 551 2424 re
571 2387 655 2439 supra
673 2371 806 2440 scriptum
819 2369 901 2422 habe-

105 2448 175 2495 mus
209 2442 284 2494 lovis
303 2448 395 2493 autem
412 2441 485 2493 inter
499 2441 598 2493 Martis
618 2446 647 2491 et
660 2439 772 2492 Saturni
786 2439 902 2491 circina-

105 2511 211 2562 tionem
222 2525 334 2562 currens
344 2511 477 2561 maiorem
486 2523 567 2576 quam
575 2508 810 2570 Mars‚miuorem
839 2521 902 2556 uam

106 2577 255 2641 Saturnus,
275 2578 403 2645 pervolat
418 2592 541 2628 cursum:
561 2575 628 2627 item
647 2575 771 2642 reliquae
791 2579 834 2626 ste
858 2587 901 2637 ae,

107 2662 161 2715 quo
181 2647 285 2698 maiore
299 2645 400 2697 absunt
413 2645 505 2711 spatio
520 2644 554 2696 ab
569 2650 693 2696 extremo
709 2641 790 2693 coelo
810 2640 902 2709 proxi·

105 2729 232 2782 mamque
248 2711 350 2765 habent
364 2718 456 2765 terrae
471 2711 698 2831 circinationessni
712 2709 832 2762 celerius
841 2722 903 2778 per-
