2054 3090
109 184 155 236 136
308 184 362 233 DE
385 182 712 234 ARCHITECTURA

108 285 204 338 cuneis
221 291 302 336 erunt
317 285 455 346 conclusi,
474 286 591 350 primum
605 299 661 336 non
676 284 812 350 pandabit
824 291 911 336 mate·

107 355 164 405 ries
174 354 266 404 levata
277 368 375 415 onere3
395 352 495 403 deinde
506 353 531 404 si
542 353 641 419 quode
656 358 796 403 vetustate
812 353 912 404 vitium

109 421 228 487 ceperit,
243 420 303 470 sine
315 419 459 469 molitione
475 418 641 471 fulturarum
654 418 780 470 faciliter
793 420 911 471 mutabi-

109 496 163 539 tur.
198 488 223 536 4.
242 486 367 551 itemque
388 500 458 551 quae
477 487 583 552 pilatim
602 492 721 552 aguntur
739 486 871 537 aedilicia
884 496 911 538 et

110 569 260 606 cuneorum
276 553 474 614 divisionibus,
490 569 542 604 coa
591 554 662 604 entis
677 552 713 604 ad
728 559 855 605 centrum
869 569 911 605 re·

109 619 325 687 spondentibus,
340 619 462 670 fornices
477 635 547 671 conc
560 621 693 682 uduntur‚
713 625 858 672 extremae
872 622 910 687 pi-

109 689 153 737 lae
163 689 192 736 in
202 685 245 736 bis
256 686 372 737 latiores
383 688 474 752 spatio
485 694 550 738 sunt
558 687 720 748 faciundae,
734 693 766 738 ut
775 687 851 738 vires
861 703 912 738 cae

109 753 243 804 habentes
257 754 390 805 resistere
405 755 527 820 possint,
547 770 609 806 cum
623 755 705 805 cunei
723 754 757 804 ab
778 755 912 805 oneribus

109 821 245 887 parietum
259 822 350 886 pressi
365 836 415 887 per
430 827 596 888 coagmenta
610 821 644 871 ad
664 826 790 872 centrum
805 837 836 872 se
850 836 912 887 pre·

110 895 216 939 memes
240 889 391 940 extrudunt
408 889 560 940 incumbas.
596 888 692 954 ltaque
711 889 735 938 si
759 889 910 954 angulares

109 957 182 1022 pilae
193 963 274 1006 erunt
283 957 415 1023 spatiosis
425 955 672 1023 magnitudinibus,
684 955 853 1007 continendo
866 972 910 1006 cu·

110 1039 177 1073 neos
192 1024 350 1074 firmitatem
375 1023 505 1089 operibus
526 1023 714 1088 praestabunt.
750 1021 774 1073 5.
795 1022 864 1073 Cum
882 1024 911 1072 in

111 1090 152 1140 his
167 1091 250 1141 rebus
264 1091 483 1156 animadversum
500 1089 598 1152 fuerit,
616 1090 658 1139 uti
673 1104 707 1138 ca
720 1089 869 1156 diligentia
882 1091 908 1139 in

111 1157 153 1208 his
167 1156 345 1220 adhibeatur,
366 1173 421 1208 non
435 1158 526 1208 minus
540 1156 623 1207 etiam
639 1157 841 1207 observandum
857 1163 909 1218 est,

111 1226 151 1277 uti
165 1241 260 1276 omnes
271 1232 427 1277 structurae
438 1223 634 1291 perpendiculo
646 1223 848 1290 respondeant,
865 1238 910 1274 ne-

111 1306 163 1358 qne
180 1290 300 1343 habeant
312 1294 341 1342 in
357 1293 414 1343 ulla
426 1299 506 1357 parte
524 1291 752 1357 proclinationes.
787 1291 911 1341 Maximo

110 1364 203 1409 autem
217 1374 280 1409 csse
297 1359 382 1410 debet
395 1374 461 1410 cura
474 1358 721 1418 substructionum,
739 1358 815 1424 quod
824 1359 853 1408 in
867 1357 909 1408 bis

110 1426 218 1476 infinita
232 1426 301 1476 vitia
314 1426 389 1476 solet
398 1425 492 1476 iacere
501 1431 594 1476 terrae
609 1425 769 1492 congestio:
788 1440 824 1476 ea
837 1426 909 1475 enim

111 1508 166 1542 non
176 1497 271 1556 potest
281 1506 344 1542 esse
355 1507 464 1608 semKer
473 1507 529 1543 uno
540 1491 677 1558 pondere,
692 1507 748 1558 quo
758 1492 834 1543 solet
847 1506 909 1543 esse

112 1573 160 1626 per
178 1563 327 1621 aestatem3
347 1559 397 1610 sed
434 1559 539 1609 ibernia
557 1559 728 1626 temporibus
747 1559 909 1625 recipiendo

112 1640 148 1677 ex
162 1625 296 1675 imbribus
312 1641 400 1691 aquae
419 1626 637 1688 multitudinem,
659 1640 788 1677 crescens
802 1632 832 1677 et
844 1642 910 1693 pon-

111 1694 177 1745 dere
189 1698 217 1743 et
226 1693 406 1758 amplitudine
420 1694 568 1758 disrumpit
582 1698 611 1744 et
623 1694 746 1747 extrudit
760 1698 910 1761 structura-

110 1776 171 1812 rum
189 1761 340 1826 ceptiones.
376 1759 399 1811 6.
419 1762 514 1827 ltaque
532 1765 563 1810 ut
586 1759 651 1811 buic
668 1761 737 1811 vitio
755 1761 909 1822 medeatur,

111 1829 151 1879 sic
162 1830 216 1880 erit
224 1828 398 1890 faciundum,
412 1829 454 1880 uti
462 1828 580 1894 primum
590 1842 641 1893 pro
654 1827 835 1893 amplitudine
846 1843 909 1880 con·

110 1897 247 1962 gestionis
265 1896 421 1948 crassitudo
437 1900 593 1947 structurae
612 1896 809 1958 constituatur3
834 1895 909 1946 deiu-

111 1963 145 2014 de
167 1964 197 2014 in
217 1963 355 2014 frontibus
378 1963 519 2014 anterides
543 1962 602 2012 sive
626 1963 745 2013 erismae
773 1962 832 2012 sint
856 1977 911 2012 uua

111 2036 260 2092 struantur,
273 2045 321 2081 eac
342 2045 377 2081 ue
386 2031 460 2081 inter
469 2044 500 2081 se
510 2028 614 2081 distent
623 2034 700 2080 tanto
711 2029 815 2096 spatio,
826 2043 908 2096 quan·

111 2103 140 2147 ta
158 2099 277 2148 altitudo
297 2046 513 2149 substructionis
533 2100 577 2146 est
594 2094 700 2159 murra,
724 2096 908 2147 crassitudine

112 2165 208 2215 eadem
224 2179 279 2230 qua
292 2164 472 2216 substructio.
508 2162 680 2215 Procurrant
697 2170 789 2214 autem
802 2162 837 2212 ab
853 2164 908 2213 imo

110 2244 160 2296 per
170 2246 250 2297 quam
261 2231 417 2283 crassitudo
429 2231 581 2283 constituta
589 2228 675 2281 fuerit
684 2230 909 2290 substructionis,

111 2298 212 2349 deinde
227 2295 425 2349 contrahantsu
438 2297 576 2366 gradatm
588 2297 644 2361 ita,
656 2299 702 2350 uti
714 2312 849 2349 summam
863 2295 908 2347 ha-

112 2366 195 2416 beant
216 2365 429 2432 prominentiam
447 2371 551 2433 quanta
568 2365 661 2430 operis
680 2369 724 2417 est
742 2364 908 2417 crassitudo.

109 2435 133 2484 l.
154 2433 305 2485 Praeterea
317 2434 456 2485 introrsus
476 2438 575 2485 contra
591 2438 733 2484 terrenum
750 2432 792 2482 uti
811 2432 909 2485 dentes

109 2502 251 2553 coniuncti
263 2517 342 2554 muro
358 2502 486 2554 serratim
499 2504 654 2561 struantur,
673 2501 714 2550 uti
727 2499 831 2567 singuli
845 2499 910 2550 den-

108 2576 150 2619 tes
165 2571 198 2621 ab
211 2585 290 2621 muro
305 2576 411 2622 tantum
426 2570 541 2630 distent,
580 2574 665 2619 uanta
677 2567 796 2619 altitudo
815 2565 910 2617 futura

108 2637 162 2687 erit
189 2637 419 2690 substructionis:
448 2581 648 2689 crassitudines
671 2640 764 2686 autem
790 2632 911 2684 habeant

108 2705 232 2758 dentium
245 2709 403 2759 structurae
416 2705 458 2756 uti
471 2705 552 2757 muri.
591 2703 660 2755 Item
672 2704 703 2755 in
718 2701 850 2754 extremis
864 2716 910 2751 an·
