2054 3090
327 210 451 262 LIBER
467 210 517 262 vl.
547 209 630 260 cnP.
649 208 734 260 Vlll.
864 209 912 260 135

107 312 219 385 liaeque
235 311 295 362 eius
306 311 462 363 Atlantides
478 313 558 379 (quas
572 326 624 362 nos
638 310 696 362 Ver
718 311 794 373 lias,
810 310 909 363 Graeci

108 386 202 430 autem
217 374 348 435 Πλειάδας
362 380 517 443 nominant)
533 394 595 430 cum
610 378 695 428 sideri
717 394 749 428 us
768 379 797 428 in
808 378 909 429 mundo

108 452 173 497 sunt
187 445 341 497 dedicatae.
376 447 401 495 i.
420 445 479 498 Nec
494 452 587 497 tanuen
603 460 656 512 ego
669 452 699 497 ut
712 451 835 496 mutetur
847 460 910 496 con·

107 513 227 565 suetudo
238 514 457 564 nominationum
468 519 516 564 aut
525 513 674 575 sermonis,
693 513 757 563 ideo
769 510 839 563 baec
847 527 909 578 pro-

108 581 202 646 posui;
222 579 273 631 sed
286 586 317 632 ut
331 595 365 631 ea
378 596 433 631 non
448 581 505 631 sint
517 581 615 648 ignota
633 577 800 646 philologis,
827 594 910 645 expo-

108 647 201 698 nenda
219 647 349 698 iudicari.
387 647 494 708 Quibus
513 646 762 699 consuetudinibus
784 647 911 697 aedilicia

109 715 209 764 ltalico
225 729 302 765 more
318 720 347 765 et
361 713 532 766 Graecorum
547 713 683 765 institutis
702 712 908 764 conformantur

110 782 242 848 exposui,
259 782 332 831 etde
343 782 512 848 symmetriis
523 781 696 848 singulorum
706 795 839 898 {enarum
850 796 912 847 pro-

109 848 255 914 portiones
274 850 438 914 perscripsi3
463 863 532 915 crgo
557 848 689 915 quoniam
727 862 743 898 e
767 853 912 899 venustate

111 916 268 981 decoreque
283 921 347 966 ante
369 922 412 966 est
430 916 576 982 scriptum,
596 930 668 966 nunc
687 929 858 981 exponemus
878 914 912 964 de

112 982 254 1044 firmitate,
270 982 500 1048 quemadmodum
511 981 699 1034 casineritiis
709 986 871 1048 permaneat
886 987 914 1030 et

111 1050 146 1099 ad
158 1054 323 1100 vetustatem
334 1050 498 1103 collocetur.

390 1129 526 1182 CAPUT
551 1127 637 1181 Vlll.

442 1194 587 1253 (vugoxn)

114 1250 174 1313 (De
197 1251 391 1330 hypogaeis,
420 1249 756 1305 concamerationibas
781 1257 811 1302 st
834 1265 915 1319 quae

258 1319 390 1385 pilatim
411 1328 555 1395 aguntur
572 1317 763 1390 aedificiis.)

163 1384 298 1437 Aedilicia
332 1402 384 1439 uae
401 1387 484 1454 plano
495 1387 566 1454 pede
576 1387 768 1448 instituuntur,
780 1386 805 1436 si
818 1384 914 1437 lunda-

114 1457 207 1503 menta
216 1403 399 1507 eorumiacta
407 1453 514 1507 inerint
526 1455 580 1517 ita,
594 1461 626 1506 ut
639 1455 668 1506 in
681 1454 821 1522 prioribus
835 1453 915 1504 libris

114 1521 148 1570 de
163 1535 242 1572 muro
254 1527 283 1572 et
292 1520 409 1574 theatris
420 1538 437 1572 a
450 1522 531 1575 nobis
546 1529 591 1574 est
604 1523 775 1589 expositum,
790 1521 826 1572 ad
838 1526 915 1573 vetu-

114 1594 214 1638 statem
229 1602 264 1638 ea
280 1596 361 1641 erunt
374 1591 435 1641 sine
449 1589 625 1641 dubitatione
641 1590 727 1641 firma.
764 1588 915 1641 sinautem

116 1653 247 1722 hypogea
266 1658 581 1723 concamarationesque
601 1658 795 1719 instituentur,
818 1655 915 1706 funda-

113 1723 205 1773 tiones
221 1737 317 1772 eorum
331 1724 392 1774 lieri
407 1724 510 1776 debent
525 1725 678 1775 crassiores
697 1739 778 1790 quam
798 1738 869 1789 quae
888 1723 915 1771 in

114 1789 305 1854 superioribus
321 1791 457 1842 aediliciis
469 1797 626 1843 structurae
645 1797 710 1842 sunt
724 1789 849 1851 futurae,
870 1803 916 1839 eo-

115 1871 230 1921 rumque
242 1856 375 1919 parietes,
389 1857 477 1922 pilae,
489 1857 634 1911 columnae
645 1858 679 1908 ad
689 1856 917 1923 perpendiculum

115 1921 280 1971 inferiorum
299 1923 392 1974 medio
412 1923 602 1987 collocentur,
625 1925 667 1975 uti
686 1923 779 1975 solido
804 1938 917 1990 respon·

116 1989 213 2038 deant:
232 2003 295 2039 nam
304 1990 366 2041 siin
377 1991 560 2057 pendentibus
572 2006 658 2041 onera
666 1989 771 2042 luerint
780 1989 915 2057 parietum

116 2063 164 2106 aut
183 2054 385 2118 columnarum,
410 2072 465 2107 non
483 2064 616 2123 poterunt
634 2056 737 2108 habere
756 2063 916 2125 perpetuam

116 2124 282 2174 firmitatem.
319 2127 343 2175 2.
363 2124 517 2176 Praeterea
541 2125 615 2176 inter
643 2125 739 2176 limina
766 2124 917 2177 secundum

114 2192 186 2258 pilas
202 2196 231 2241 et
246 2196 325 2242 antas
340 2197 436 2258 postes
450 2192 472 2243 si
488 2201 689 2310 supponentur,
710 2198 792 2247 erunt
810 2207 865 2244 non
879 2192 916 2241 vi-

116 2260 220 2309 tiosae:
240 2258 337 2309 limina
353 2260 426 2310 enim
447 2265 476 2310 et
498 2264 543 2310 tra
563 2275 592 2311 es
610 2260 759 2312 structuris
780 2274 842 2312 cum
862 2260 917 2310 sint

118 2332 264 2387 oneratae,
278 2326 370 2377 medio
386 2327 476 2393 spatio
487 2327 641 2393 pandantes
651 2326 784 2396 frangunt
793 2327 917 2379 sublisac

116 2400 279 2445 structuras.
316 2394 384 2445 Cum
399 2400 491 2445 autem
511 2393 631 2446 subiecti
646 2394 752 2447 fuerint
771 2401 800 2448 et
819 2395 917 2446 subcu-

115 2462 191 2512 neati
211 2468 320 2526 postes,
340 2478 395 2512 non
408 2462 551 2528 patiuntur
565 2462 689 2513 insidere
701 2462 812 2526 trabes,
828 2476 917 2578 nequo

117 2543 164 2578 eas
181 2529 303 2580 laedere.
339 2528 363 2580 3.
383 2528 452 2580 ltem
471 2529 719 2581 administrandum
738 2535 793 2592 est,
819 2529 861 2580 uti
892 2543 918 2578 e·

116 2601 181 2646 vent
195 2610 264 2646 onus
276 2596 411 2661 parietum
422 2595 625 2648 fornicationes
639 2611 791 2648 cuneorum
805 2596 918 2648 divisio-

119 2663 198 2713 nibus
212 2669 241 2714 et
255 2663 290 2713 ad
304 2671 428 2715 centrum
441 2664 645 2730 respondentes
665 2679 760 2717 earum
774 2664 917 2717 conclusu-

117 2745 177 2781 rae:
197 2746 259 2783 cum
269 2731 342 2783 enim
353 2737 432 2783 extra
440 2731 535 2784 trabes
545 2737 594 2786 aut
602 2732 727 2784 liminum
737 2733 830 2800 capita
838 2747 918 2782 arcus
