2054 3090
118 162 150 221 io
317 167 372 222 on
397 164 716 248 incuriosorum

115 277 227 323 vontus:
246 274 317 340 quoe
331 280 424 325 eutem
438 288 473 325 ex
484 272 583 325 calidis
597 272 669 324 locis
684 273 735 324 sub
749 277 865 340 sepienti

115 356 179 390 nuni
195 342 328 409 regiones
341 341 379 392 iri
400 341 471 404 das,
490 356 545 392 non
560 340 644 392 modo
658 356 714 391 non
727 341 855 393 laborent

116 409 271 478 mutatione
285 409 342 460 loci
354 424 390 460 ve
401 409 573 472 etodinibus,
588 408 638 459 sed
656 410 741 459 etiarn
752 409 865 460 oonllno

115 481 169 526 tur.
205 475 230 527 5.
250 476 343 538 Quare
363 477 516 528 cavendum
530 491 592 528 esse
607 476 718 527 videtur
730 477 759 526 in
771 477 864 528 moeni

114 544 290 595 collocandis
305 544 339 595 ab
351 545 388 596 iis
401 545 577 612 regionibus,
596 559 667 610 quoe
681 544 822 595 caloribus
835 543 865 594 lle

118 611 152 661 nd
162 610 432 678 corporadominurn
441 618 559 679 possunt
567 624 709 679 spargere.
745 610 865 678 Namque

114 679 274 745 principiis,
289 694 360 747 quoe
371 679 473 731 Gracci
487 685 599 741 στοιχεῖα
614 680 766 745 appellant,
782 684 813 730 ut
826 694 865 730 orn

117 755 238 812 corpore
251 753 315 799 sunt
328 748 496 814 composite,
510 746 540 797 id
554 753 598 798 est
611 761 647 798 ex
661 747 754 797 colore
766 746 865 798 othum

117 821 146 865 ct
155 820 268 865 terreno
283 821 312 866 et
321 818 399 878 etro,
413 816 453 867 ita
467 813 510 866 his
524 814 705 866 mixtionibus
719 815 863 866 naturalit

115 887 248 948 pessimo
257 882 412 953 ligurantur
420 884 542 935 oninium
553 881 712 934 animalium
722 883 750 932 in
760 882 862 933 mondo

114 951 233 1000 nucum
240 950 401 1017 qualitates.
419 950 445 1002 t.
454 951 531 1019 Ergo
540 951 568 1002 in
578 950 678 1018 quibus
687 950 865 1016 corporibus(

117 1017 252 1070 exuberat
262 1019 530 1086 sprincipiiscalor‚
543 1025 609 1070 tuno
619 1018 765 1080 interficit,
776 1017 865 1068 dissol

134 1098 170 1136 ec
189 1091 285 1137 cetere
298 1086 419 1138 fervore.
454 1087 534 1138 llaec
548 1092 639 1138 autern
654 1087 723 1136 vitia
738 1086 823 1136 elicit
837 1084 865 1135 ic

112 1100 181 1204 aum
192 1153 226 1205 ub
233 1146 453 1222 certis-partibus
463 1154 582 1218 coelum,
593 1169 656 1205 curn
664 1153 762 1204 insidit
769 1153 798 1203 in
809 1165 865 1219 spei

116 1232 201 1273 venes
215 1221 277 1289 plus
292 1236 373 1290 qoem
384 1223 491 1291 potitur
504 1222 712 1276 emistionibus
722 1221 864 1272 notmalit

117 1295 248 1356 peratore
259 1305 369 1358 corpus.
392 1291 462 1342 ltern
471 1291 497 1342 si
506 1288 606 1342 humor
616 1289 763 1356 occupavit
770 1302 865 1354 ‘cerpoi

116 1370 202 1408 vonas
215 1357 391 1426 impurosque
405 1373 453 1410 eas
463 1357 545 1421 iecit,
560 1363 655 1409 cetere
682 1357 810 1423 rincipio‚
821 1361 865 1406 utu

118 1424 202 1492 quido
216 1432 359 1493 corrupta,
372 1425 529 1489 diluimur,
545 1424 641 1477 etdiss
672 1430 773 1475 vunnu
783 1437 863 1489 consp

116 1494 203 1544 tionis
220 1495 347 1545 virtutes
382 1493 452 1545 Item
472 1507 488 1544 c
506 1492 770 1562 refrigerationibus
786 1489 865 1542 humo

108 1566 261 1612 tentorum
278 1567 309 1613 et
326 1574 455 1612 aurorum
468 1560 651 1612 infunduntur
662 1561 732 1611 rit-ic
745 1559 865 1626 eorporii

116 1622 180 1679 Non
192 1629 282 1680 minus
294 1630 366 1680 stris
377 1629 516 1696 etiamque
524 1628 632 1680 terreni
642 1628 670 1678 in
681 1642 798 1694 corpore
808 1632 865 1677 neti

115 1696 151 1748 lis
162 1697 340 1763 compositio,
349 1697 477 1765 augendo
488 1702 537 1749 aut
545 1695 704 1758 minuendo,
715 1695 837 1746 iniinnet
846 1708 865 1744 c«

115 1765 303 1832 estprincipio:
321 1769 435 1816 terrena
457 1764 513 1816 cibi
522 1765 670 1831 plenitate,
682 1763 758 1814 adria
782 1763 865 1830 gravit

116 1831 198 1883 coeli.
233 1833 259 1885 't
278 1831 439 1951 Sodsispuis
448 1831 573 1884 voluerit
582 1830 744 1898 diligentius
756 1828 825 1882 haec
835 1844 865 1881 se

115 1901 380 1968 perciperemus
399 1906 491 1952 venat
504 1899 684 1966 attendatque
699 1905 812 1949 numios
827 1913 865 1949 eu

116 1974 145 2019 et
157 1969 275 2035 piscium
288 1974 318 2021 et
329 1969 505 2021 terrestrium
515 1967 688 2030 animalium,
704 1967 783 2018 etita
793 1979 865 2016 cons

114 2035 189 2087 rabit
203 2036 364 2089 discrimine
375 2042 597 2104 temperaturae,
624 2034 713 2086 Aliam
727 2035 800 2086 enim
808 2034 865 2084 mlx

115 2118 178 2155 nem
189 2101 274 2156 habet
283 2106 371 2173 genus
382 2106 486 2169 adum,
501 2105 585 2156 uliam
594 2103 726 2170 piscium,
740 2102 825 2168 longe
835 2100 865 2150 el

116 2172 288 2223 terrestrium
299 2181 406 2225 nature.
441 2172 579 2226 volucres
588 2172 679 2222 minus
687 2170 791 2221 liabent
801 2173 865 2218 ten·

115 2239 205 2290 minus
225 2236 362 2304 humoris,
377 2240 480 2293 caloris
493 2246 647 2308 temperate
661 2245 691 2289 ct
704 2236 776 2289 uiris
788 2234 865 2286 multu

115 2307 202 2373 igitur
223 2303 377 2360 levioribus
419 2309 544 2376 rincipiis
567 2307 740 2373 compositae
757 2301 865 2356 facilius

115 2377 208 2424 adrem
224 2375 358 2428 nituntur.
393 2324 536 2443 Kquatilos
555 2382 646 2427 cutem
660 2374 778 2440 piscium
792 2377 865 2423 nami

114 2442 189 2510 quod
198 2448 370 2510 temperatae
381 2451 446 2496 sunt
455 2460 472 2495 e
481 2443 584 2506 calido,
595 2442 742 2509 plurimum
761 2453 797 2492 ue
808 2453 865 2491 exe

115 2516 144 2562 et
155 2517 269 2562 terreno
284 2517 349 2564 sunt
362 2513 548 2578 compositae,
563 2511 614 2561 sed
624 2508 749 2561 humoris
778 2507 862 2560 ebert

114 2579 179 2647 pido
191 2579 402 2647 quamprimum,
414 2595 468 2648 quo
478 2581 569 2630 minus
579 2575 705 2629 habente
715 2575 860 2644 principiis

114 2647 201 2701 moris
211 2648 241 2700 in
250 2661 382 2717 corpore,
396 2647 508 2701 facilius
517 2647 548 2699 in
557 2643 673 2700 humore
685 2644 851 2714 perdurent3
863 2661 865 2669 ·
