2054 3090
109 169 142 221 98
311 168 364 220 DE
390 168 712 223 ARCHITECTURA

83 318 86 324 .
109 271 184 320 nitus
195 268 331 333 linitione,
339 270 676 334 deindcinalterius,ctid
684 271 763 323 ultro
773 269 848 321 citro
859 278 914 320 cre-

108 337 159 389 bre
172 336 304 388 faciendo
311 339 473 389 inconstans
484 344 599 406 apparet
608 337 746 402 sensibus,
758 337 802 397 uti
812 336 844 387 in
853 350 914 387 can·

109 405 234 455 tionibus
254 420 315 455 cum
333 403 480 456 flectentes
498 407 597 456 vocem
615 405 782 458 varietatem
796 402 914 455 feeinrus

110 472 320 523 modulationis.
357 472 452 538 ltaque
471 471 629 524 intervallis
646 487 680 524 ca
695 487 759 524 cum
778 475 914 531 versatur,

111 546 139 590 et
149 539 221 591 unde
232 539 341 590 initium
351 538 429 602 iecit,
441 539 525 590 etubi
539 539 636 603 desiit,
655 545 774 607 apparet
791 539 821 589 in
832 551 914 590 sono·

110 622 169 656 rum
180 606 338 673 patentibus
349 606 535 658 finitionibus:
546 604 914 658 medicantemcarentiain·

109 672 434 726 tervallisobscurentur.
465 673 490 725 3.
502 672 914 725 Generuveromodulaticnum

110 746 174 791 sunt
191 741 259 790 tria:
279 741 397 807 primum
411 740 487 808 quod
501 740 603 792 Graeci
616 740 761 793 nominant
775 735 913 806 ἁρμονίαιῑ,

110 807 260 858 secundum
268 809 375 873 χρῶμα,
391 804 643 860 tertiumdecimum.
671 807 730 859 ·Est
739 812 832 858 autem
843 804 914 855 Har·

110 875 219 926 monice
235 875 389 927 modulatio
406 875 440 926 ab
458 881 517 926 arte
528 880 678 941 concepta,
694 880 724 927 et
733 889 767 925 ea
777 888 809 925 re
819 872 912 924 cantio

110 943 170 992 cius
190 943 310 994 maxime
328 957 441 1009 gravem
457 949 486 994 ct
500 943 643 1010 egregiam
662 941 748 993 habet
760 940 912 992 auctorita

109 1016 174 1060 tem.
212 1008 332 1060 chroma
341 1009 437 1060 subtili
448 1010 566 1061 solertia
575 1025 614 1079 ac¹
624 1009 775 1062 crebritate
785 1006 913 1060 modulo·

109 1092 169 1127 rum
179 1078 337 1128 suaviorem
347 1075 432 1128 habet
443 1078 668 1129 delectationem.
702 1076 820 1128 Diatoni
835 1087 913 1134 vcro,

110 1145 184 1210 quod
195 1145 329 1196 naturalis
341 1151 397 1207 est,
409 1144 524 1195 facilior
534 1151 578 1196 est
586 1145 798 1196 intervallorum
808 1143 912 1194 distan-

110 1212 157 1262 tia.
194 1212 225 1261 ln
244 1211 286 1262 his
301 1212 390 1263 tribus
410 1212 559 1280 generibus
579 1211 729 1263 dissimiles
749 1216 815 1262 sunt
828 1215 913 1261 tetra·

110 1277 277 1329 chordorum
288 1278 497 1344 dispositiones,
509 1279 584 1346 quod
593 1279 749 1331 Harmonia
757 1275 913 1330 tetrachor-

110 1345 208 1395 dorum
228 1350 257 1395 et
276 1351 359 1395 tonos
379 1353 408 1396 et
425 1348 518 1398 dieses
532 1345 617 1398 habet
629 1347 718 1398 binas.
753 1345 851 1397 Dicsis
867 1359 913 1394 au-

110 1418 165 1461 tcm
178 1417 222 1461 est
235 1412 295 1462 toni
304 1426 368 1476 pars
383 1420 493 1479 quartem
513 1415 555 1465 ita
563 1416 592 1465 in
602 1410 757 1466 hemitonio
772 1413 845 1464 duae
857 1411 913 1462 dic-

110 1493 155 1530 ses
166 1483 230 1528 sunt
240 1477 406 1530 collocatae.
443 1478 587 1532 Chromati
597 1481 652 1532 duo
663 1479 856 1532 hemitoniaiu
871 1493 914 1529 or-

110 1546 174 1595 dine
184 1550 248 1595 sunt
257 1546 456 1612 incomposita3
475 1549 587 1600 tertium
598 1551 682 1599 trium
697 1546 914 1599 hemitoniorum

110 1617 153 1662 cst
166 1611 352 1664 intervallum.
388 1612 504 1665 Diatoni
519 1616 574 1666 duo
591 1622 656 1667 sunt
671 1614 828 1669 continuati
837 1613 914 1676 toni3

65 1702 66 1705 ¹
109 1680 221 1730 tertium
232 1677 414 1731 hemitonium
425 1682 486 1733 linit
496 1681 669 1734 tetrachordi
683 1680 913 1751 magnitudinem.

108 1748 151 1798 lta
163 1749 193 1798 in
207 1747 297 1798 tribus
312 1749 462 1815 generibus
472 1749 652 1801 tetrachorda
667 1765 702 1801 ex
712 1750 821 1802 duobus
836 1747 913 1799 tonis

108 1821 137 1866 et
150 1815 303 1867 hemitonio
320 1822 385 1867 suut
394 1823 576 1883 peraequata,
592 1816 642 1868 sed
651 1817 714 1884 ipsa
724 1833 785 1868 cum
802 1829 914 1882 separe·

108 1884 159 1934 tim
183 1884 402 1950 uniuscuiusque
427 1885 538 1951 generis
562 1884 663 1935 finibus
688 1884 912 1944 considerantur,

61 2007 67 2019 ,
109 1951 271 2001 dissimilem
283 1949 385 2002 habent
396 1951 606 2002 intervallorum
617 1950 849 2018 designationem.
885 1948 911 1998 4.

109 2018 197 2084 lgitur
211 2018 360 2069 interualla
374 2024 504 2069 tonorum
521 2024 550 2070 et
565 2016 780 2069 hemitoniorum
798 2013 855 2084 [et]
871 2021 913 2066 te-

109 2084 320 2136 trachordorum
336 2087 365 2135 in
380 2100 450 2136 voce
466 2085 562 2137 divisit
571 2090 684 2148 natura,
700 2084 846 2150 finivitque
856 2089 913 2136 ter-

109 2152 275 2201 minationes
291 2167 387 2202 eorum
401 2150 551 2218 [mensuris
576 2152 788 2202 intervallorum
803 2150 912 2218 quanti·-

108 2224 180 2279 tatc‚
194 2218 341 2285 modisque
353 2220 438 2270 certis
449 2219 618 2271 distantibus
632 2219 780 2270 constituit
793 2217 913 2285 qualita-

108 2292 163 2335 tes:
184 2284 283 2350 quibus
294 2286 376 2335 ctiam
387 2287 521 2349 artifices,
540 2287 587 2353 qui
597 2300 703 2353 organa
712 2284 865 2347 fabricant,
875 2294 920 2334 ex'

109 2357 206 2402 natura
226 2352 386 2405 constitutis
406 2355 510 2405 utendo
527 2358 690 2419 comparent
704 2353 739 2403 ad
759 2356 912 2404 concentus

109 2421 308 2471 convenientes
325 2427 420 2470 corum
436 2416 635 2487 perfectiones.
670 2421 694 2469 5.
716 2419 844 2481 Sonitus,
865 2417 911 2483 qui

109 2503 209 2549 graece
225 2488 346 2552 «φθόγγοι
356 2488 497 2551 dicuntur,
511 2488 540 2537 in
550 2502 718 2554 unoquoque
729 2502 832 2605 {onere
847 2490 912 2563 sunt

109 2555 204 2605 «locem
222 2562 249 2605 ct
266 2562 344 2606 octo:
366 2556 494 2622 equibus
506 2562 570 2606 octo
582 2556 684 2605 suntin
699 2558 736 2605 tri
758 2572 788 2605 us
801 2566 911 2620 generi·

109 2622 158 2672 bus
175 2625 301 2688 permotui
319 2630 347 2674 et
362 2628 481 2686 stantes;
498 2623 600 2688 reliqui
612 2621 708 2672 decem
719 2638 780 2672 cum
791 2634 911 2671 commu·

110 2690 181 2740 niter
208 2691 399 2753 modulantur,
425 2696 489 2740 sunt
507 2694 649 2754 vagantes.
686 2687 799 2740 Stantes
820 2691 912 2737 autem
