2054 3090
107 183 152 235 to·
197 155 201 162 ’
306 186 359 237 oa
387 185 715 238 nacarracruas

108 302 172 354 pars
185 287 345 353 epistylium
355 289 383 339 in
394 288 540 338 altitudine
551 287 611 337 fiatr
631 288 698 337 item
712 286 737 336 si
747 301 763 336 a
772 285 853 337 XXV
865 301 914 352 pe·

111 355 190 405 dibus
207 354 242 404 ad
254 355 345 416 XXX,
363 355 503 406 dividatur
515 356 544 405 in
554 361 648 421 partes
662 353 726 415 Xll,
745 358 774 404 et
788 353 849 405 eius
859 368 915 404 una

110 437 174 488 pars
185 422 304 472 altitudo
316 422 379 472 fiat:
394 423 462 473 item
471 428 534 473 rata
543 430 621 487 parte
631 419 792 472 adeundam
801 419 914 472 modum

112 505 146 540 cx
157 489 304 540 altitudine
315 489 504 540 columnarum
514 487 705 555 expediendae
718 493 782 538 sunt
791 487 914 538 altitudi-

111 571 160 607 nes
171 556 374 623 epistyliorum.
410 555 435 606 9.
455 555 517 616 Quo
534 557 617 606 altius
633 555 706 605 enim
716 554 826 605 scandit
839 554 914 604 oculi

111 624 234 688 species,
251 638 306 674 non
317 622 401 674 facile
411 630 541 689 persecat
551 625 624 674 aeris
634 618 825 685 crebritatem3
845 619 915 671 dila·

110 705 161 755 psa
177 691 272 807 itapue
288 689 444 742 altitudinis
452 691 543 757 spatio
556 697 585 740 et
594 688 698 740 viribus
709 688 812 740 extrita
826 687 916 739 incar·

111 763 217 808 tammo
238 755 821 822 ulorumrenuntiatsensibusquantitatem.
842 754 915 816 Qua·

112 838 142 873 re
154 838 263 890 semper
275 824 462 876 adiiciendum
473 829 518 875 est
526 824 645 874 rationis
655 822 877 889 supplementum
886 822 916 871 in

113 892 336 956 symmetriarum
349 892 494 954 membris,
510 906 571 942 cum
585 889 691 941 fuerint
704 895 752 941 ant
767 888 916 940 altioribus

113 958 184 1008 locis
200 973 300 1024 opera,
315 964 363 1010 aut
381 959 465 1009 etiam
479 959 542 1025 ipsa
551 958 781 1008 colossicoteram
794 953 917 1006 habeant

112 1025 334 1091 magnitudinum
348 1025 494 1077 rationem.
529 1024 662 1091 Epistylii
677 1023 796 1075 latitudo
813 1023 915 1074 inimo

114 1107 185 1158 quae
201 1107 286 1159 supra
299 1092 452 1159 capitulum
468 1092 537 1155 erit,
553 1097 656 1159 quanta
670 1088 827 1143 crassitudo
842 1104 916 1141 sum·

113 1175 174 1210 mae
185 1160 329 1211 columnae
339 1160 390 1212 sub
401 1159 523 1226 capitulo
534 1160 596 1221 erit,
607 1163 686 1210 tanta
697 1159 760 1222 liat;
770 1171 916 1217 summum,

115 1233 233 1294 quantus
252 1227 323 1279 imus
343 1242 392 1278 sca
411 1243 453 1278 us.
489 1228 528 1277 lo.
549 1226 706 1293 cymatium
727 1223 855 1292 epistylii
873 1238 916 1275 se·

114 1295 200 1360 ptima
209 1298 288 1359 parte
298 1308 366 1345 suae
404 1294 531 1345 titudinis
540 1301 584 1344 est
593 1291 764 1353 faciendum,
776 1297 805 1342 at
813 1291 844 1342 ia
852 1304 916 1357 prc-

113 1362 223 1411 iectura
237 1360 414 1411 tantundem:
438 1361 548 1427 reliqua
560 1375 625 1427 pars
640 1365 752 1427 praeter
766 1358 917 1426 cymatium

115 1426 264 1478 dividenda
274 1433 318 1477 est
326 1427 457 1493 inpartes
467 1427 533 1490 ΧΠ,
544 1433 574 1479 et
582 1442 677 1479 earum
685 1427 769 1478 trium
777 1425 868 1492 prima
876 1422 917 1475 fa-

115 1494 175 1544 scia
185 1499 228 1543 est
236 1491 367 1543 facienda
374 1530 381 1556 ,
392 1494 515 1545 secunda
525 1501 656 1561 quatuor,
671 1508 777 1545 summa
786 1493 917 1560 quinque.

114 1560 184 1611 Item
198 1558 339 1626 zophorus
354 1575 439 1627 supra
448 1561 609 1628 epistylium
637 1565 806 1627 uartaparte
815 1559 917 1622 minas,

116 1642 198 1695 quam
213 1627 387 1694 epistylium:
407 1628 450 1679 sin
466 1635 557 1679 autem
574 1577 670 1696 sigilla
683 1626 826 1695 designari
836 1640 918 1707 opor·

115 1693 217 1757 tuerit,
233 1700 331 1762 quarta
339 1701 418 1760 parte
429 1696 526 1759 altior,
542 1711 623 1763 quam
633 1695 809 1762 epistylium,
819 1699 862 1744 ut1
870 1707 918 1744 au-

116 1762 274 1813 ctoritatem
289 1760 410 1813 habeant
424 1763 589 1829 scalpturae.
626 1762 781 1830 Cymatium
795 1774 864 1812 suae
878 1759 917 1811 al·

115 1829 243 1881 titudinis
253 1830 340 1896 partis
350 1830 497 1895 septimae3
516 1830 677 1896 proiectura
688 1828 815 1895 cymatii,
832 1841 917 1894 qnan-

115 1903 145 1947 ta
155 1896 215 1947 eius
232 1897 399 1948 crassitudo.
436 1898 476 1948 ll.
496 1896 583 1964 Supra
593 1895 748 1965 zophorum
759 1893 917 1947 denticulus

117 1970 160 2014 est
170 1963 314 2015 faciendus
324 1970 381 2015 tam
391 1964 473 2027 altus,
484 1979 566 2031 quam
577 1964 703 2031 epistylii
711 1963 805 2014 media
814 1959 916 2024 fascia3

115 2030 276 2096 proiectura
286 2031 355 2094 eius,
367 2037 497 2098 quantum
508 2032 634 2084 altitudo.
669 2029 835 2082 intersectio
846 2041 917 2095 quae

116 2112 216 2163 graece
226 2094 326 2161 μιτόπη
338 2098 448 2161 dicitur,
460 2099 501 2150 sic
511 2106 555 2150 cst
564 2099 726 2160 dividenda,
741 2097 782 2148 uti
793 2095 917 2148 denticu-

116 2165 158 2214 lus
169 2164 324 2214 altitudinis
334 2179 401 2215 suae
407 2165 547 2216 dimidiam
555 2173 662 2232 partem
668 2163 771 2216 habeat
777 2164 807 2214 in
814 2161 917 2224 fronte,

116 2245 199 2280 cavus
206 2236 298 2281 autem
308 2230 516 2284 intersectionis
527 2231 608 2284 huius
617 2231 718 2284 frontis
729 2246 744 2282 e
754 2229 918 2282 tribusduas

114 2303 224 2360 partes:
243 2294 325 2348 huius
336 2300 486 2364 cymatium
497 2300 651 2352 altitudinis
665 2300 725 2349 eius
740 2303 848 2350 sextam
856 2310 917 2362 par-

114 2371 180 2414 tem.
216 2363 327 2414 Corona
337 2380 397 2415 cum
412 2381 462 2417 suo
474 2367 595 2432 cymatio
605 2371 717 2432 praeter
726 2365 823 2415 simam
833 2377 917 2430 quan·

114 2435 173 2482 tum
179 2431 272 2482 media
280 2429 370 2481 fascia
380 2433 513 2499 epistylii.
549 2433 713 2485 Proiectura
724 2445 844 2482 coronae
855 2444 916 2480 cum

116 2496 257 2550 denticulo
272 2497 402 2549 facienda
416 2507 472 2562 est,
494 2508 625 2567 quantum
641 2501 695 2550 erit
708 2497 826 2549 altitudo
840 2511 858 2547 a
869 2509 917 2546 uo-

114 2562 214 2636 phoro
225 2567 261 2617 ad
280 2583 414 2617 summum
435 2582 556 2618 coronae
571 2568 736 2633 cymatium:
757 2571 786 2615 et
804 2563 916 2614 omnino

115 2644 211 2686 omnes
223 2633 361 2701 ecphorae
377 2635 566 2685 venustiorem
577 2632 679 2684 habent
689 2632 827 2698 speciem,
847 2642 917 2696 quae

114 2708 246 2766 quantum
256 2702 420 2764 altitudinis,
430 2701 591 2752 tantundem
602 2696 722 2751 habeant
729 2699 917 2766 proiecturae.
