2054 3090
108 193 146 244 nc·
307 193 360 242 oo
387 167 709 245 nucumucruun

108 297 173 346 lum.
200 262 306 360 ¹Spatia
321 295 395 344 enim
407 282 449 345 ita
462 296 551 351 iustas
561 293 703 346 habebunt
717 292 825 344 frontes
841 305 910 358 quo.

108 376 272 430 quoversus.
308 359 479 418 Latitudinis
493 357 603 418 frontes
616 363 752 412 simentur
769 360 908 410 introrsus

108 431 141 480 ab
153 428 283 479 extremis
294 427 404 494 angulis
415 428 495 479 abaci
504 444 571 480 suae
581 428 683 484 frontis
693 425 848 479 latitudiuis
860 439 908 476 uc·

81 510 84 514 ·
108 512 151 546 na.
167 497 206 546 Ad
217 496 301 544 imum
312 495 428 560 capituli
437 501 543 550 tantam
552 495 674 551 babeant
684 493 908 554 crassitudinem,

108 569 237 631 quantam
252 560 336 611 babet
346 577 452 612 summa
462 563 591 621 columna
600 568 712 629 praeter
721 558 869 627 apothesin
879 565 909 610 et

108 628 287 695 astragalum.
322 627 408 679 Abaci
421 628 577 688 crassitudo
589 630 708 695 septima
717 625 831 694 capituli
846 626 908 676 alti·

17 735 22 744 .
108 697 221 748 tudinis.
258 697 298 745 12.
326 694 446 763 Dempta
464 697 544 749 abaci
564 695 748 747 crassitudine
768 693 909 744 dividatur

108 764 217 829 reliqua
230 777 294 828 pars
309 762 338 812 in
351 769 446 829 partes
460 770 533 826 tres,
548 778 583 815 ex
597 763 697 833 quibus
707 776 761 813 una
770 761 826 810 imo
836 759 908 810 iulio

109 831 203 892 detur,
214 829 365 880 secundum
375 829 474 881 iciium
484 830 603 881 mediam
613 829 788 885 altitudinem
798 833 908 890 teneat3

109 896 240 949 cauliculi
251 896 367 953 eandem
377 896 498 948 habeant
507 897 691 959 altitudinem,
702 910 717 946 e
727 894 828 962 quibus
837 893 910 944 folia

108 970 260 1015 naseuntur
273 963 414 1028 proiecta,
429 965 470 1014 uti
485 964 626 1031 excipiant
636 977 707 1030 quae
718 977 753 1013 ex
762 960 909 1019 cauliculis

108 1037 190 1082 natae
203 1036 370 1096 procurrunt
384 1030 419 1080 ad
434 1037 574 1082 extremos
590 1046 624 1080 an
665 1031 708 1088 ics
718 1029 844 1092 volutae,
859 1028 909 1077 mi-

108 1111 247 1165 noresque
262 1095 367 1147 helices
380 1097 454 1148 intra
472 1114 550 1148 suum
568 1098 689 1153 medium
708 1095 838 1158 iloiibus,
862 1094 909 1160 qui

110 1166 211 1216 suntin
222 1164 319 1226 abaco,
328 1163 448 1217 subiecti
458 1165 625 1231 scalpantur.
644 1164 743 1214 Flores
753 1163 781 1220 in
789 1167 911 1228 quatuor

128 1233 234 1285 artibus
250 1236 353 1298 quanta
368 1232 423 1282 erit
440 1231 520 1282 abaci
540 1231 712 1292 crassitudo,
739 1236 796 1280 tam
815 1229 908 1296 magni

108 1249 272 1350 dormeutur.
290 1295 382 1360 italiis
388 1299 558 1365 symmetriis
564 1296 709 1348 Corinthia
715 1295 837 1363 capitula
845 1309 910 1346 suas

108 1365 250 1415 habebunt
264 1365 435 1416 exactiones.
472 1363 543 1416 Sunt
556 1371 661 1428 autem,
673 1377 743 1431 quae
753 1361 854 1413 iisdem
864 1376 909 1412 cc·

109 1432 210 1483 lumuis
220 1431 398 1497 imponuntur
408 1431 592 1497 capitulorum
601 1445 719 1499 genera,
734 1429 819 1480 variis
828 1443 910 1479 voca-

108 1499 182 1549 bulis
192 1498 345 1548 nominata:
358 1512 474 1564 quorum
483 1499 728 1579 uecprcprietates
738 1496 914 1565 symmetria,

108 1582 168 1616 rum
185 1579 236 1615 nec
255 1565 445 1615 columnarum
464 1581 552 1632 genus
567 1565 644 1616 ahud
656 1566 799 1616 nominare
813 1578 912 1629 possu-

108 1649 177 1694 mus,
189 1632 238 1683 sed
248 1633 371 1698 ipsorum
380 1631 651 1684 vocabuiatradncta
661 1638 689 1683 et
699 1635 867 1682 commutata
877 1643 911 1680 ex

109 1698 262 1750 Corinthiis
275 1705 304 1750 et
317 1698 467 1765 pulvinatis
478 1706 507 1751 et
516 1700 629 1751 Dor-icis
639 1698 778 1762 ridemus,
794 1711 911 1764 quorum

108 1763 912 1886 syssnnffetriaesuutiuucvarumscaipturarumtrauslatue

109 1852 142 1886 su
162 1835 302 1886 tiitatem.

412 1934 547 1988 CAPUT
572 1935 611 1988 ll.

110 2017 912 2085 Deornamentiscolumnarum(ecrumqueorigiue.)

161 2104 298 2164 Quoniam
312 2110 404 2154 autern
422 2103 462 2153 de
467 2103 617 2170 generibus
627 2102 816 2153 columnarum
827 2101 911 2169 origi·

110 2184 159 2219 nes
175 2177 204 2220 et
213 2171 389 2221 inventiones
406 2184 490 2236 supra
500 2177 564 2221 suut
574 2170 709 2236 scriptae,
725 2183 781 2219 non
791 2166 912 2218 alienum

109 2234 178 2285 mibi
188 2235 298 2286 videtur
304 2237 404 2287 iisdem
415 2237 570 2288 rationibus
581 2237 615 2287 de
627 2235 795 2287 ornamentis
806 2248 912 2296 eorum,

96 2312 99 2316 ’
110 2302 341 2369 quemadmodum
357 2310 421 2354 sunt
434 2311 572 2371 prognata
581 2310 610 2355 et
620 2303 719 2371 quibus
728 2301 872 2368 principiis
883 2307 913 2351 et

55 2393 57 2398 ·
111 2370 266 2437 originibus
277 2370 398 2432 inventa,
409 2371 512 2422 dicere.
526 2378 529 2382 ’
547 2371 578 2429 in
589 2371 725 2421 aediliciis
736 2368 863 2418 omnibus
872 2368 920 2417 iu:

110 2452 194 2503 super
204 2437 360 2488 collocatur
369 2439 527 2488 materiatio
538 2435 779 2501 variisvocabulis
789 2435 913 2486 nomina·
939 2460 943 2466 ψ

110 2510 152 2555 ta:
172 2520 206 2555 ea
220 2511 313 2554 autem
328 2506 367 2555 uti
383 2506 411 2554 in
426 2504 663 2560 nominationibus
678 2505 719 2554 ita
732 2503 761 2553 in
774 2517 805 2552 re
821 2501 913 2552 varias

61 2598 64 2602 ι
111 2569 195 2622 babet
208 2571 355 2622 utilitates.
383 2571 490 2622 Trabes
499 2572 572 2621 enim
582 2585 666 2636 supra
676 2571 818 2620 columnas
828 2574 858 2619 et
868 2582 913 2633 pa·

109 2639 257 2691 rastaticas
273 2645 302 2688 et
311 2645 389 2689 antas
399 2644 552 2704 ponuntur:
571 2638 600 2687 in
612 2634 870 2704 contignationibus
879 2635 913 2685 ti-

110 2718 165 2770 gna
179 2711 208 2756 et
223 2719 304 2756 axes:
323 2704 374 2755 sub
385 2706 483 2767 tectis,
494 2707 519 2755 si
528 2706 635 2755 maiora
644 2704 736 2771 spatia
745 2708 822 2756 sunt.
834 2701 910 2754 colu·
