2054 3090
293 185 420 241 LIBER
436 188 486 241 lv.
516 189 600 240 (ΜΡ.
619 186 673 243 111.
849 189 880 239 81

78 289 107 338 la
125 302 232 338 corona
249 295 293 340 est
310 289 475 341 collocanda
494 290 523 340 in
540 290 701 355 proiectura
719 290 836 343 dimidia
853 299 881 342 ct

78 361 159 411 sexta
168 361 260 420 parte,
275 354 380 407 habens
391 356 677 426 cymatiumDoricum
686 357 715 408 in
727 358 796 420 imo,
812 358 880 408 altc-

77 437 137 473 rum
151 422 181 476 in
195 438 315 475 summo:
334 424 401 476 item
412 439 473 479 cum
484 425 613 491 cymatiis
624 438 730 475 corona
739 439 834 475 crassa
845 439 880 474 cx

78 486 194 545 dimidia
206 490 321 541 moduli.
356 488 530 543 Dividendae
545 496 637 545 autem
652 492 760 544 suntin
775 506 881 542 corona

76 556 133 606 ima
152 555 187 612 ad
205 557 432 626 perpendiculum
451 555 656 626 triglyphorum
676 564 705 612 ct
723 558 758 610 ad
774 558 880 608 medias

76 629 204 741 metopas
218 623 324 677 viarum
334 623 504 677 directiones
516 630 544 680 at
553 631 693 693 guttarum
708 624 881 676 distributio-

77 688 149 741 nesi
162 703 191 753 a,
201 690 243 743 uti
253 696 407 758 guttaesex
415 692 444 742 in
455 691 670 759 longitudinem,
680 699 737 744 tres
749 693 778 745 in
788 692 880 743 latitu-

78 757 172 808 dinem
187 763 320 824 pateantt-
334 758 445 825 reliqua
463 760 565 824 spatia,
588 760 663 826 quod
682 760 799 813 latiores
816 768 880 809 sunt

77 830 207 891 metopae
218 839 299 892 quam
308 823 457 893 triglyphi,
472 840 542 891 pura
550 827 756 892 relinquantur,
770 832 818 877 aut
827 825 879 875 iul·

77 892 154 942 mina
168 892 339 958 scalpantur;
359 893 394 943 ad
409 892 499 960 ipsum
520 907 554 949 ue
567 899 689 949 mentum
704 908 825 945 coronae
840 893 878 941 in-

78 959 188 1008 cidatur
201 958 289 1021 linea,
307 955 483 1029 quae'scotia
517 960 606 1016 ¹citur.
641 958 761 1026 Reliqua
777 960 878 1020 omnia,

77 1032 223 1093 tympana,
250 1026 321 1077 sima
375 1041 510 1090 coronae,
537 1026 769 1093 quemadmodum
796 1040 880 1090 supra

78 1092 213 1172 scriptum
227 1092 347 1149 estinlo
368 1093 420 1144 icis
430 1093 667 1159 itapcriiciantur.
701 1094 726 1143 i.
745 1092 825 1146 llaec
837 1107 879 1141 ra-

78 1161 118 1211 tio
133 1175 162 1210 1n
174 1158 305 1225 operibns
316 1159 444 1226 diastylis
453 1161 508 1211 erit
520 1160 681 1214 constituta.
717 1158 748 1211 Si
757 1170 823 1209 vcro
835 1175 880 1224 sy-

78 1226 174 1293 stylon
183 1231 212 1276 ct
220 1214 468 1343 mdnotriplyphon
477 1241 547 1306 opus
554 1226 613 1285 erit
621 1225 790 1287 iaciendum,
801 1225 880 1275 irons

78 1294 173 1355 aedis,
187 1292 213 1343 si
222 1299 343 1360 tetrasty
355 1309 387 1344 os
398 1295 463 1355 erit,
475 1291 615 1344 dividatur
625 1293 653 1343 in
663 1299 756 1358 partes
767 1291 878 1344 xvllrl.

79 1360 106 1413 S.
118 1361 144 1412 si
153 1357 318 1426 hexastylos
328 1361 395 1422 erit,
410 1360 550 1412 dividatur
558 1361 587 1410 in
597 1365 691 1426 partes
699 1358 838 1411 XXVllil.
851 1359 878 1410 S.

79 1443 114 1480 ex
126 1425 171 1478 his
184 1441 249 1494 pars
266 1443 322 1478 una
340 1428 394 1477 erit
410 1427 551 1490 modulus,
573 1428 608 1478 ad
622 1442 716 1494 quem,
735 1427 776 1478 uti
796 1442 880 1493 supra

78 1496 212 1562 scriptum
230 1501 286 1559 est,
307 1509 393 1566 opera
409 1495 575 1552 dividantur.
610 1495 653 1549 lta
669 1508 753 1561 supra
769 1493 881 1562 singula

79 1561 212 1630 epistylia
223 1562 256 1617 et
266 1567 396 1634 metopae
411 1562 482 1617 duae
497 1569 525 1615 et
534 1559 670 1630 triglyphi
682 1561 787 1628 singuli
800 1566 881 1612 crunt

79 1629 329 1686 collocandizinan
381 1629 475 1687 aribus
485 1627 540 1685 hoc
550 1630 680 1695 amplius3
696 1636 826 1708 quantum
838 1634 881 1678 cst

79 1697 198 1771 spatium
208 1695 340 1763 hemitrig
350 1694 427 1763 yphi‚
438 1697 468 1748 id
477 1696 587 1749 accedit
595 1697 625 1752 in
634 1695 773 1749 mediano.
810 1695 880 1747 Gon-

79 1772 122 1817 tra
131 1763 276 1833 fastigium
286 1764 404 1814 duorum
412 1762 618 1831 triglyphorum
628 1770 657 1819 et
664 1763 747 1814 trium
757 1767 880 1826 metopa-

81 1848 139 1887 rum
158 1829 281 1899 spatiu'm
296 1828 423 1894 distabit,
447 1837 478 1882 ut
492 1830 577 1884 latius
594 1830 714 1882 nrcdium
730 1827 880 1881 intercolu-

80 1900 183 1953 mnium
197 1897 395 1952 accedentibus
409 1896 445 1949 ad
455 1897 553 1951 aedem
570 1896 672 1948 habeat
684 1896 880 1957 laxamentum,

82 1974 110 2018 et
123 1965 258 2021 adversus
271 1962 420 2017 simulacra
433 1964 548 2016 deorum
563 1970 692 2030 aspectus
707 1961 880 2030 dignitatem.

81 2034 104 2083 8.
122 2033 240 2098 Insuper
255 2029 462 2111 triglyphorum
479 2029 601 2097 capitula
614 2044 719 2080 corona
736 2035 781 2081 est
795 2028 881 2079 collo-

81 2100 170 2155 canda
179 2096 298 2161 habens,
313 2105 354 2151 utr
365 2100 591 2165 suprascriptum
603 2102 658 2158 est,
673 2096 881 2162 cymatiumllo·

80 2169 167 2221 ricum
177 2167 206 2217 in
217 2166 287 2228 imo,
298 2167 415 2218 alterum
425 2165 454 2215 in
464 2179 584 2221 summo:
602 2164 670 2214 item
681 2178 741 2218 cum
753 2163 881 2230 cymatiis

80 2249 187 2285 corona
200 2247 296 2288 crassa
309 2248 345 2286 cx
362 2232 477 2284 dimidia
493 2230 606 2285 moduli.
641 2229 816 2285 Dividendae
836 2244 882 2280 au-

80 2309 137 2353 tem
147 2305 212 2352 sunt
221 2300 250 2356 in
260 2314 366 2355 corona
375 2301 432 2351 ima
441 2299 476 2351 ad
486 2297 713 2365 perpendiculum
726 2296 882 2365 triglypho-

80 2385 140 2437 rum
150 2373 178 2425 et
188 2367 223 2424 ad
233 2366 340 2423 medias
350 2373 476 2433 metopas
486 2367 592 2418 viarum
603 2364 774 2417 directiones
786 2372 814 2415 et
822 2370 883 2429 gut-

80 2444 171 2489 tarum
181 2434 394 2492 distributiones
409 2433 555 2499 etreliqua
587 2447 692 2498 noque,
707 2430 883 2499 quemadmo-

80 2503 145 2555 dum
164 2502 268 2557 dictum
288 2508 332 2557 est
352 2503 382 2554 in
401 2500 541 2567 diastylis.
568 2448 600 2552 h
620 2499 770 2551 Columnas
792 2503 884 2548 autern

80 2569 238 2625 striariXX
247 2570 323 2624 atriis
335 2573 459 2636 oportet
470 2581 541 2634 quae
552 2567 577 2620 si
585 2566 684 2633 planae
696 2571 788 2626 crunt,
800 2578 884 2630 angu-

79 2637 124 2688 los
135 2629 315 2692 habeantXX
326 2634 501 2703 designatos:
513 2635 658 2689 sinautem
669 2631 885 2692 excavahuntur,

80 2705 122 2756 sic
137 2703 287 2822 fs⁵tpf⁰rm³
299 2702 444 2769 facienda,
463 2699 529 2770 [ita]
546 2702 586 2754 uti
600 2716 682 2820 quarp
698 2715 827 2768 magnum
842 2705 886 2750 est

165 2781 178 2822 r
208 2781 240 2820 rr.
