2054 3090
119 182 166 230 144
318 182 371 232 DE
399 184 719 236 ARCHITECTURA

117 285 150 334 de
166 285 399 351 expolitionibus,
420 287 519 360 quibus
533 287 688 339 rationibus
702 293 732 338 et
744 274 925 341 venustatem

116 359 144 401 ot
155 353 312 404 firmitatem
322 351 425 403 habere
435 356 554 420 possint,
564 370 710 421 exponam.

422 456 557 508 CAPUT
588 457 609 508 l.

244 537 292 589 De
309 539 520 590 ruderatione
539 541 580 602 (et
596 541 785 606 pavimentis.)

165 622 342 691 Primumque
360 624 491 689 incipiam
507 625 541 674 de
551 625 745 687 ruderatione,
762 639 835 691 quae
845 626 921 691 prin·

115 690 187 753 cipia
205 695 284 739 tenet
302 692 518 757 expolitionum,
538 691 579 742 uti
598 692 736 743 curiosius
754 707 865 742 summa
885 707 920 743 ue

115 756 289 821 providentia
303 759 480 810 solidationis
494 759 567 809 ratio
583 756 726 809 habeatur.
762 758 799 809 Et
817 760 842 809 si
862 774 880 824 p
894 775 920 809 a·

116 838 149 872 uo
170 825 240 888 pede
261 826 315 875 erit
334 827 551 889 eruderandum,
572 832 722 893 quaeratur
734 825 828 876 solum
842 828 870 876 si
883 827 920 877 sit

114 897 248 957 perpetuo
265 894 397 956 solidum,
423 894 504 944 etita
518 900 703 960 exaequetur,
722 899 751 944 et
767 895 919 945 inducatur

114 974 176 1008 cum
190 961 339 1010 statumine
354 961 452 1011 rudus:
473 962 516 1011 sin
527 967 619 1011 autam
630 961 719 1010 omnis
729 965 778 1010 aut
787 975 823 1012 ex
837 967 918 1027 parte

114 1027 297 1093 congestitins
307 1029 385 1077 locus
396 1027 493 1091 fuerit,
509 1028 732 1079 fisnrcationibus
743 1042 806 1079 cum
815 1043 919 1095 magna

114 1109 180 1143 cura
194 1094 339 1147 solidetur.
374 1096 405 1146 In
416 1096 672 1163 contignationibus
682 1109 749 1145 rero
765 1094 919 1163 diligenter

115 1167 158 1211 est
172 1162 459 1226 animadvertendum,
477 1179 526 1224 ne,
546 1163 593 1229 qui
605 1163 698 1228 paries
712 1177 767 1213 non
782 1171 869 1214 exeat
882 1164 917 1214 ad

113 1244 261 1290 summum,
278 1231 314 1280 sit
328 1235 471 1282 extructus
481 1230 532 1281 sub
542 1232 742 1296 pavimentum,
757 1231 807 1280 sed
821 1232 916 1296 potius

112 1297 254 1346 relaxatus
270 1313 354 1363 supra
368 1313 398 1348 se
413 1299 580 1365 pendentem
593 1297 696 1348 habeat
709 1298 916 1348 coaxationem.

113 1363 181 1411 Cum
195 1363 267 1411 enim
283 1365 389 1415 solidus
405 1367 476 1427 exit,
492 1364 747 1432 contignationibus
762 1366 916 1416 arescenti·

112 1430 163 1479 bus
179 1435 227 1478 aut
240 1431 408 1494 pandatione
427 1432 596 1494 sidentibus,
615 1446 780 1498 permanens
795 1438 915 1482 structu·

112 1510 160 1545 rae
172 1496 300 1548 soliditas
316 1498 415 1550 dextra
425 1515 457 1550 ac
469 1500 584 1550 sinistra
596 1500 747 1550 secundum
763 1514 793 1549 se
804 1498 874 1549 iacit
885 1500 913 1549 in

113 1563 279 1629 pavimentis
302 1567 463 1616 necessario
487 1568 581 1617 rimas.
618 1569 641 1618 2.
661 1567 729 1616 ltem
757 1566 850 1617 danda
871 1571 915 1616 est

114 1646 211 1696 opera,
235 1646 269 1680 ne
294 1634 527 1684 commisceantur
549 1649 617 1685 axes
635 1633 772 1685 aesculini
791 1635 913 1701 quernis,

113 1698 188 1765 quod
202 1700 314 1764 querni,
334 1700 417 1751 simul
430 1699 574 1752 humorem
587 1706 786 1768 perceperunt,
806 1716 838 1751 se
855 1706 912 1751 tor-

113 1773 228 1834 quentes
252 1770 336 1817 rimas
360 1766 466 1819 iaciunt
487 1769 516 1818 in
539 1769 713 1836 pavimentis.
749 1767 799 1820 Sin
821 1775 913 1819 autem

113 1836 241 1885 aesculus
264 1837 406 1898 nouerit,
430 1842 459 1886 et
476 1837 631 1887 necessitas
650 1836 778 1903 coegerit
800 1840 914 1903 propter

112 1903 233 1969 inopiam
247 1904 289 1953 uti
303 1903 428 1970 quernis,
443 1903 484 1954 sic
497 1903 608 1954 ridetur
622 1918 685 1954 esse
695 1902 868 1966 faciundum,
883 1912 914 1952 ut

112 1978 243 2021 secentur
256 1971 412 2034 tenuiores3
433 1985 486 2037 quo
505 1972 594 2021 minus
613 1971 685 2020 enim
706 1971 858 2034 valuerint,
877 1984 911 2020 eo

111 2036 222 2087 facilius
234 2039 320 2088 clavis
335 2038 384 2088 fixi
394 2038 619 2088 continebuntur.
655 2037 765 2088 Deinde
778 2039 808 2087 in
819 2039 911 2104 singu-

111 2105 147 2154 lis
161 2105 246 2171 tignis
262 2106 393 2156 extremis
408 2097 531 2172 p'artibns
547 2120 613 2156 axes
631 2104 704 2155 binis
720 2106 806 2155 claris
826 2106 911 2172 ligan-

112 2178 169 2232 tur,
184 2172 223 2220 uti
236 2172 313 2221 nulla
322 2188 357 2223 ex
366 2179 445 2238 parte
456 2173 566 2238 possint
576 2187 606 2223 se
620 2173 778 2239 torquendo
793 2173 912 2238 angulos

112 2237 245 2288 excitare.
281 2237 406 2306 Namque
418 2241 451 2290 de
463 2255 542 2290 cerro
555 2248 602 2290 aut
616 2238 682 2306 fago
695 2254 744 2290 seu
759 2238 841 2289 farno
851 2239 911 2288 nul-

111 2307 154 2356 lus
173 2306 208 2354 ad
227 2312 393 2356 iretustntem
413 2315 506 2374 potest
525 2321 696 2374 permanere.
731 2305 912 2357 coaxationi-

111 2375 162 2424 bus
176 2370 272 2433 iactis,
287 2373 311 2422 si
322 2374 388 2437 erit,
404 2375 481 2437 illex,
493 2374 518 2424 si
531 2390 599 2436 non,
633 2375 696 2425 alea
709 2373 912 2433 substernatur,

112 2442 152 2493 uti
171 2441 302 2491 materies
321 2441 354 2491 ab
378 2442 463 2493 calcis
482 2442 557 2492 vitiis
577 2391 751 2493 deiendatur.
788 2439 812 2491 3.
833 2442 913 2490 Tunc

110 2513 224 2576 insuper
246 2509 442 2560 statuminetur
465 2523 499 2558 ne
518 2509 625 2559 minore
645 2523 714 2559 saxo
735 2524 817 2576 quam
837 2507 912 2574 quod

108 2578 201 2643 possit
213 2592 323 2626 manum
337 2577 460 2644 implere.
498 2575 775 2626 statuminationibus
790 2575 912 2624 inductis

108 2645 209 2706 rudus,
224 2644 248 2694 si
262 2660 363 2696 norum
377 2645 443 2706 erit,
463 2643 496 2694 ad
511 2653 568 2693 tres
584 2651 677 2709 partes
693 2658 747 2693 una
761 2643 849 2692 calcis
863 2642 912 2691 mi-

108 2718 234 2775 sceatnr3
254 2712 280 2762 si
289 2713 441 2762 redivivum
455 2710 553 2773 irrerit,
569 2711 688 2778 quinque
700 2709 830 2762 adduam
843 2710 911 2760 uriu-
