2054 3090
253 182 271 217 ·'
302 189 495 243 utonem
532 190 612 243 cnP.
639 188 676 242 il.
812 188 861 242 lot

363 326 497 381 CAPUT
522 327 559 379 ΙΙ.

299 392 376 450 (vulgo
386 393 428 438 IV.
437 397 494 438 sect.
506 397 538 438 li.
549 395 623 450 seqq.)

162 465 221 528 (De
249 466 358 518 Lnnue
384 468 506 520 lumine
528 467 688 520 crescenti
713 475 745 518 et

337 535 582 600 deminutione.)

111 632 247 695 Berosus,
263 633 308 700 qui
321 647 338 682 a
347 630 551 684 Chaldaeorum
561 635 675 684 civitate
685 648 735 684 seu
748 632 860 682 natione

58 715 225 766 progressus
243 700 272 750 in
285 701 378 754 Asiam
392 701 478 751 etiam
492 700 667 766 disciplinam
683 698 860 750 Chaldaicam

58 766 206 833 patefecit,
225 767 266 818 ita
279 773 323 818 est
334 765 493 834 professus,
531 768 597 818 ilam
612 783 674 818 esse
689 783 725 820 cx
743 766 859 817 dimidia

58 840 139 900 parte
159 834 334 897 candentem,
350 835 462 902 reliqua
473 783 583 896 phodere
603 836 735 886 coeruleo
754 836 859 886 colore.

57 901 128 951 Cum
143 909 234 952 autem
245 917 354 954 cursum
364 902 475 953 itineris
485 903 530 953 sui
538 917 675 970 peragens
690 902 797 953 subiret
809 901 860 952 sub

60 969 156 1019 orbern
171 967 258 1033 Solis,
273 977 339 1021 tunc
354 985 415 1020 eam
428 969 516 1021 radiis
530 979 559 1021 et
571 971 677 1036 impetu
688 969 789 1020 caloris
801 983 860 1018 cor-

59 1037 113 1103 ripi
125 1037 304 1105 convertique
315 1037 490 1100 candentem,
505 1045 620 1104 propter
634 1039 694 1088 eius
707 1037 860 1154 proprieta-

59 1112 116 1154 tem
126 1105 251 1167 luminis,
262 1106 297 1157 ad
310 1104 415 1156 lumen:
436 1121 497 1156 curn
507 1112 599 1157 autem
610 1110 755 1156 evocatae
785 1102 860 1155 Solis

61 1171 157 1224 orbem
172 1173 317 1238 superiora
332 1177 471 1239 spectent,
489 1179 556 1223 tunc
573 1171 736 1223 inferiorem
753 1177 860 1252 partem

62 1239 135 1301 eius,
166 1240 221 1290 uod
232 1240 352 1291 candens
362 1255 418 1290 non
429 1240 480 1303 sit,
494 1246 609 1306 propter
619 1239 692 1290 aeris
703 1238 860 1289 simllitudi-

61 1322 123 1357 nem
139 1322 155 1357 o
177 1323 285 1357 scuram
298 1306 402 1358 videri:
422 1322 482 1358 curn
492 1307 528 1358 ad
543 1306 770 1375 perpendiculum
785 1311 860 1356 esset

62 1374 96 1424 ad
109 1374 167 1424 eius
178 1375 287 1437 radios,
300 1374 540 1444 totum‘lumened
554 1376 728 1442 superiorem
738 1374 860 1441 speciem

62 1442 190 1503 retineri,
207 1447 378 1493 ettunceam
395 1443 490 1494 vocari
498 1443 622 1510 primam.
658 1444 682 1493 2.
702 1442 769 1493 Cum
801 1456 860 1492 rae·

61 1510 166 1559 teriens
176 1509 259 1560 nudat
269 1510 303 1561 ad
312 1511 428 1561 orientis
439 1510 512 1562 coeli
522 1517 624 1579 partes,
635 1510 757 1562 relaxari
767 1457 801 1560 ed
810 1510 860 1559 im-

62 1582 129 1641 petu
147 1576 234 1639 Solis,
262 1584 467 1646 extremamque
486 1579 546 1630 eius
568 1585 674 1647 partem
697 1576 861 1636 candentiae

63 1644 166 1708 oppido
177 1660 257 1711 quam
267 1646 344 1696 tenui
355 1645 430 1696 linea
444 1645 479 1696 ed
493 1655 596 1698 terram
609 1647 721 1696 mittere
732 1644 859 1711 splendo-

63 1726 133 1774 rem;
144 1718 173 1761 et
181 1712 222 1762 ita
230 1727 265 1762 ex
275 1727 309 1763 eo
320 1727 381 1763 earn
392 1713 540 1764 secundam
551 1714 654 1765 vocari.
690 1710 861 1773 Quotidianae

63 1785 155 1828 autem
176 1780 342 1845 versationis
364 1781 529 1839 remissione
552 1781 664 1832 tertiam
687 1784 810 1846 quartam
833 1779 860 1827 in

64 1845 124 1894 dies
138 1847 296 1896 numerariz.
309 1848 427 1914 septimo
443 1847 488 1897 die
499 1847 549 1900 Sol
564 1862 625 1898 cum
639 1847 678 1898 sit
687 1846 723 1896 ad
733 1846 860 1897 occiden-

65 1919 133 1972 tem,
149 1911 229 1962 Luna
242 1922 333 1964 autern
343 1915 418 1967 inter
431 1914 567 1977 orientem
577 1920 605 1965 et
620 1913 792 1965 occidentem
805 1927 860 1962 me-

64 1979 125 2029 dias
137 1980 208 2030 coeli
218 1987 314 2031 teneat
325 1996 356 2033 re
379 1983 470 2042 ones,
487 1982 561 2049 quod
572 1981 686 2032 dimidia
699 1987 777 2048 parte
788 1979 859 2030 coeii

66 2045 185 2114 [spatio]
211 2047 296 2098 distet
318 2063 335 2098 a
371 2049 428 2111 ole,
449 2049 515 2099 item
540 2049 681 2099 dimidiam
698 2047 861 2098 candentiae

65 2117 227 2166 conversam
242 2113 344 2166 habere
359 2117 394 2167 ad
407 2123 518 2168 terram.
553 2116 628 2178 Inter
642 2115 736 2167 Solem
749 2129 816 2166 vero
834 2121 862 2165 et

66 2182 172 2233 Lunam
186 2198 247 2233 cum
263 2181 349 2235 distet
363 2190 451 2237 totum
464 2183 559 2235 mundi
572 2184 702 2251 spatium,
724 2188 753 2234 et
766 2182 861 2232 Lunae

66 2250 182 2301 orientis
201 2249 316 2318 [orbem]
334 2251 382 2303 Sol
401 2249 611 2319 [retrospiciens]
632 2267 694 2302 curn
709 2252 810 2302 transit
828 2249 862 2299 ad

66 2319 249 2380 occidentem,
260 2333 334 2381 eam,
346 2319 420 2386 quod
431 2319 542 2387 longius
554 2319 626 2371 absit
636 2334 653 2369 a
661 2318 757 2380 radiis,
767 2318 862 2368 remis-

65 2401 123 2436 sam
135 2391 233 2503 puarta
247 2386 355 2436 decima
371 2386 505 2452 diepiena
514 2384 578 2440 nota
587 2387 674 2438 totius
688 2385 763 2437 orbis
773 2385 862 2435 mitte-

65 2468 95 2503 re
109 2468 140 2520 sp
154 2452 298 2515 eudonem,
315 2455 494 2524 reliquosque
515 2455 575 2506 dies
590 2453 780 2505 decrescentia
814 2466 861 2502 uo-

64 2520 172 2571 tidisnu
180 2521 215 2572 ed
225 2520 425 2588 perfectionem
435 2522 539 2573 lunaris
549 2522 653 2573 mensis
660 2519 812 2571 versationi
830 2535 862 2569 us

66 2595 95 2638 et
105 2602 201 2640 cursus
212 2604 229 2639 a
239 2589 299 2640 soie
313 2588 538 2641 revocationibus
548 2589 641 2640 subire
653 2588 702 2640 sub
717 2593 808 2638 rotem
819 2601 862 2636 ra·

67 2655 184 2722 diosque
199 2657 258 2707 eius
274 2663 302 2708 et
312 2665 467 2708 menstruas
479 2657 584 2708 dierum
600 2657 709 2707 efficere
726 2655 860 2706 rationes.
882 2676 884 2688 ·

66 2723 90 2775 8.
109 2724 154 2773 Uti
166 2724 453 2787 autem-Aristarchus,
469 2724 577 2776 Sentius
586 2723 810 2786 mathematicus,
823 2723 850 2772 vi
861 2757 863 2762 -
