2054 3090
318 223 454 280 'LlBER
477 229 498 281 l.
535 230 618 282 CAP.
645 230 679 284 V.
879 230 910 282 rt

412 364 547 419 CAPUT
564 366 597 418 V.

163 443 213 498 De
221 445 449 517 fundamentis
467 465 629 502 murorum
648 459 679 501 et
698 450 843 501 turrium.

151 530 221 582 cum
234 544 302 598 ergo
318 529 361 581 his
373 532 529 586 rationibus
543 535 599 586 erit
612 535 786 586 salubritatis
796 535 825 585 in
832 550 906 586 moe·

99 597 182 648 nibus
189 596 363 649 collocandis
369 598 722 670 explicatio‚regionesque
735 602 906 653 electaelue-

98 665 157 716 rint
166 663 305 717 fiuctibus
313 665 349 717 ad
359 666 487 718 alendam
496 670 638 720 civitatem
650 685 683 720 co
704 671 796 732 iesse,
811 676 840 721 et
849 671 906 721 via·

98 745 161 783 rum
176 733 361 795 munitiones,
380 739 428 785 eut
446 738 670 802 opportunitates
684 685 838 800 'luminum
857 752 906 788 seu

98 814 151 866 per·
159 806 257 866 portus
268 801 594 855 marinaesubrectiones
603 803 751 856 habuerint
756 805 789 855 ad
796 806 907 864 moenia

99 881 162 917 corn
183 867 338 919 ortationes
348 868 576 935 expedites,tunc
583 872 700 923 turrium
710 887 906 938 murorumque

99 933 148 985 fun
169 941 281 986 amenta
290 935 332 986 sic
342 942 407 986 sunt
415 935 557 1001 facienda,
569 939 610 990 uti
620 938 764 990 fodiantur
775 941 810 999 (si
823 946 906 1005 queat

97 1002 231 1066 inveniri)
243 1001 279 1052 ad
289 1002 492 1065 solidassem
502 1005 753 1074 solido‚(quantum
765 1022 800 1058 eu
811 1007 905 1072 anrpli-

98 1067 196 1119 tudine
207 1069 301 1135 operis
311 1084 362 1136 pro
372 1071 482 1122 ratione
492 1072 642 1139 rideatur,)
653 1074 839 1125 crassitudine
850 1089 905 1123 am-

98 1135 202 1203 pilose,
213 1151 295 1203 quarn
304 1137 455 1203 parietum,
467 1140 512 1205 qui
524 1155 608 1205 supra
616 1147 720 1191 terram
731 1147 795 1191 sunt
805 1139 904 1202 futuri3

99 1209 128 1254 et
138 1216 173 1253 ea
181 1203 349 1270 impleantur
359 1220 441 1273 quarn
452 1205 625 1257 solidissima
634 1213 781 1258 structura.
801 1210 824 1258 l.
836 1208 904 1258 ltem

97 1276 190 1322 turres
207 1277 272 1323 sunt
287 1272 479 1338 proliciendae
492 1273 521 1323 in
535 1274 704 1325 exteriorem
717 1281 835 1342 partem,
854 1276 904 1338 uti,

98 1352 161 1389 curn
176 1338 211 1389 ad
223 1353 331 1390 murum
341 1336 432 1392 hostis
444 1341 550 1416 impetu
560 1342 629 1394 velit
639 1344 874 1410 appropinquare,
889 1359 905 1393 a

97 1405 221 1457 tumbas
232 1406 331 1459 dextra
340 1422 372 1457 ac
382 1407 836 1477 sinistra,lateribusepertis,telis
845 1411 903 1462 vul-

97 1479 219 1524 neretur.
252 1473 464 1542 Curandumque
474 1477 594 1528 maxime
601 1478 719 1540 videtur,
730 1485 825 1530 utnon
836 1478 903 1529 faci-

96 1539 132 1591 lis
141 1539 180 1592 sit
189 1539 280 1593 aditus
291 1541 326 1592 ad
337 1543 550 1611 oppugnandum
555 1547 728 1608 murum‚sed
737 1547 777 1596 ita
787 1548 902 1598 circum-

97 1606 218 1659 (landum
227 1608 332 1660 adloca
340 1611 514 1676 praecipitia,
521 1618 550 1664 et
558 1613 782 1680 excogitandum,
789 1614 829 1664 uti
840 1628 903 1679 por-

95 1681 188 1728 taram
204 1675 306 1727 itinera
322 1692 378 1728 non
397 1678 453 1729 sint
467 1678 574 1730 directa
587 1679 637 1730 sed
651 1696 762 1732 scaeva:
785 1695 902 1746 nomque

95 1759 158 1794 curn
169 1743 210 1795 ita
218 1742 322 1796 factum
332 1743 430 1806 fuerit,
444 1751 510 1797 tunc
521 1747 648 1799 dextrum
659 1748 732 1800 latus
746 1749 902 1799 accedenti-

94 1810 238 1878 bus‚quod
248 1818 328 1863 scuto
339 1827 395 1863 non
406 1814 460 1864 erit
468 1820 582 1878 tectum,
588 1816 803 1881 proximumerit
812 1830 900 1866 muro.

95 1877 269 1930 Collocanda
279 1886 371 1930 autern
383 1881 485 1947 oppida
495 1890 560 1933 sunt
569 1898 623 1933 non
635 1885 770 1950 quadrata
780 1899 831 1933 nec
839 1897 900 1948 prn-

95 1945 272 1997 currentibus
282 1948 404 2014 angulis,
417 1948 466 1999 sed
477 1950 702 2012 circuitionibus,
714 1952 754 1999 uti
766 1947 854 1999 bostis
866 1964 900 1999 ex

93 2012 220 2079 pluribus
230 2012 301 2065 locis
312 2016 509 2081 conspiciatur.
520 2015 654 2082 inquibus
661 2017 900 2083 enimaugulipro-

93 2086 222 2143 cununt,
237 2080 390 2132 difficiliter
403 2082 574 2145 defenditur,
590 2083 664 2149 quod
679 2083 797 2150 angulus
810 2085 899 2150 magis

92 2145 204 2199 hostem
214 2153 326 2200 tucatur
335 2164 416 2216 quarn
426 2150 523 2200 civem.
542 2150 567 2201 3.
579 2150 796 2202 Crassitudinem
808 2158 898 2202 autem

91 2216 166 2266 muri
175 2215 216 2266 ite
224 2213 380 2267 faciendam
391 2232 503 2280 censeo,
514 2219 553 2268 uti
566 2218 665 2268 armati
675 2216 899 2284 honrines,supra

92 2282 204 2333 obviarn
213 2284 367 2347 venientes,
379 2284 450 2334 alius
461 2285 545 2335 alium
557 2287 617 2336 sine
627 2286 809 2352 impeditione
820 2301 898 2352 pree-

90 2350 179 2401 terire
191 2351 313 2417 possint:
331 2358 390 2402 turn
403 2353 431 2402 in
445 2353 630 2404 crassitudine
645 2361 795 2420 perpetuae
807 2354 897 2404 taleae

92 2416 259 2485 oleagineae
276 2419 416 2470 ustulatae
435 2434 515 2485 quarn
534 2421 701 2472 creberrime
717 2422 897 2481 instruantur,

90 2483 131 2536 uti
141 2490 278 2553 uncaque
288 2487 360 2537 muri
370 2485 477 2538 frontes
488 2488 562 2539 inter
571 2503 614 2551 se,
626 2488 856 2556 quemadmodum
868 2487 897 2536 fi-

89 2551 179 2615 bulis,
194 2549 238 2603 his
248 2553 331 2604 taleis
342 2554 492 2622 colligatae
504 2562 644 2606 aeternam
654 2553 774 2606 habeant
785 2555 897 2604 tirmits-

89 2627 160 2669 tem:
183 2634 300 2686 namque
319 2621 345 2671 ei
362 2623 496 2673 materiae
508 2639 560 2674 nec
574 2628 725 2690 tempestas
741 2638 792 2674 nec
806 2623 896 2671 caries

89 2700 143 2738 nec
156 2692 282 2739 vetnrstas
315 2694 390 2740 otest
398 2705 514 2753 nocere,
530 2690 578 2741 sed
590 2705 624 2741 ea
634 2691 700 2741 etin
710 2697 786 2741 terra
797 2690 897 2739 obruta

89 2753 158 2804 etin
168 2768 241 2822 aque
250 2703 390 2807 collocata
398 2765 542 2824 permanet
551 2757 611 2808 sine
623 2758 699 2809 vitiis
708 2757 787 2811 utilis
797 2757 897 2825 sempi-

639 2827 694 2884 Ba
