2054 3090
177 120 211 174 38
379 122 432 173 DE
459 123 779 176 ARCHITECTURA

175 224 205 274 in
211 223 285 291 agris
295 225 515 290 municipiorum,
522 224 896 291 quaesuntcircaVesuvium
903 235 982 274 mon-

175 297 246 352 tem,
266 291 340 358 quod
358 293 534 343 commixtum
549 307 610 343 cum
625 293 702 343 ealce
717 298 746 342 et
760 297 906 343 caemento
924 304 982 340 non

175 359 259 408 modo
271 359 373 410 ceteris
385 359 520 411 aediliciis
530 366 655 425 praestat
664 360 823 422 firmitates,
834 358 885 410 sed
897 357 982 408 ctiam

176 426 278 489 moles,
294 441 364 493 quae
378 433 575 477 construuntur
587 428 615 477 in
629 428 711 489 mari,
726 426 777 478 sub
792 441 864 493 aqua
878 423 981 475 solide-

177 500 266 543 scunt.
302 493 366 544 Hoc
384 499 477 544 autem
494 494 555 543 ileri
570 493 622 544 hac
636 496 746 544 ratione
764 495 886 554 videtur,
906 490 982 558 quod

177 560 227 610 sub
242 558 285 610 his
298 561 438 611 montibus
453 568 481 611 et
494 567 570 611 terra
582 560 723 611 ferventes
737 567 802 612 sunt
814 559 908 611 fontes
922 571 981 608 cre·

175 627 230 689 bri;
243 628 354 692 quinon
366 634 468 691 essent,
477 629 500 678 si
512 629 602 678 nonin
612 629 668 678 imo
680 626 816 680 haberent
826 632 873 677 aut
882 625 916 675 de
926 624 981 675 sul-

176 694 238 743 fure
262 700 311 744 aut
333 695 453 745 alumine
471 702 519 745 aut
535 695 670 746 bitumine
692 695 822 746 ardentes
843 693 980 744 maximos

177 762 265 827 ignes.
301 762 390 827 Igitur
399 763 509 828 penitus
520 763 593 829 ignis
604 768 633 813 et
642 761 768 813 flammae
779 776 865 827 vapor
874 773 925 826 per
941 758 981 808 in-

176 829 302 878 tervenia
318 844 481 893 permanans
496 836 524 880 et
538 829 637 880 ardens
652 831 737 880 efficit
749 829 838 880 levem
849 843 909 878 eam
923 832 979 876 ter-

176 910 247 958 ram,
263 900 292 946 et
300 896 339 947 ibi
349 898 396 962 qui
406 899 528 947 nascitur
538 895 639 962 tophus
650 913 773 964 exugens
784 903 827 946 est
837 901 866 947 et
876 895 936 944 sine
947 892 979 942 li-

177 977 272 1029 quore.
308 963 383 1030 Ergo
399 979 459 1014 cum
475 971 533 1015 tros
549 979 608 1026 res,
627 964 766 1015 consimili
778 963 886 1013 ratione
903 960 979 1027 ignis

176 1029 352 1081 vehementia
370 1030 521 1090 formatae,
538 1032 566 1081 io
578 1046 659 1082 unam
678 1030 856 1097 pervenerint
868 1028 979 1078 mixtio·

176 1113 251 1160 nem,
266 1105 381 1164 repente
396 1106 509 1165 recepto
524 1099 633 1165 liquore
647 1114 702 1148 una
716 1096 930 1156 cohaerescunt,
951 1100 981 1144 et

177 1165 309 1216 celeriter
323 1165 437 1216 humore
452 1166 568 1217 duratae
582 1165 750 1227 solidantur,
765 1178 856 1231 neque
866 1177 914 1213 eas
929 1159 979 1211 tlu-

177 1239 237 1282 ctus
251 1248 341 1298 neque
355 1234 397 1284 vis
411 1248 499 1299 aquae
509 1238 604 1298 potest
616 1232 780 1284 dissolvere.
815 1234 839 1282 2.
857 1228 980 1297 Ardores

177 1305 269 1349 autem
284 1314 347 1350 esse
360 1301 389 1349 in
403 1298 445 1351 his
457 1301 528 1350 locis
540 1301 624 1350 etiam
634 1298 704 1350 haec
713 1314 758 1350 res
769 1303 863 1365 potest
874 1295 980 1346 indica-

176 1380 216 1428 re,
228 1367 302 1431 quod
321 1368 350 1416 in
360 1368 500 1418 montibus
512 1368 695 1418 Cumanorum
705 1372 733 1417 et
741 1365 855 1416 Baianis
866 1369 931 1415 sunt
939 1362 979 1413 lo·

178 1448 211 1484 ca
225 1434 419 1485 sudationibus
434 1442 580 1496 excavata,
598 1435 626 1484 in
641 1435 739 1501 quibus
754 1447 841 1500 vapor
854 1429 979 1482 fervidus

178 1500 211 1549 ab
229 1500 284 1550 imo
299 1514 417 1552 nascens
430 1503 504 1568 ignis
519 1500 693 1552 vehementia
705 1499 832 1567 perforat
845 1512 905 1549 eam
925 1503 979 1546 ter-

176 1582 248 1629 ram,
262 1583 312 1634 per
326 1583 441 1635 eamque
455 1569 592 1619 manando
605 1570 634 1618 in
644 1567 687 1619 his
701 1569 773 1618 locis
784 1568 885 1629 oritur,
902 1564 980 1614 etita

176 1634 352 1686 sudationum
374 1637 504 1704 egregias
523 1637 608 1690 efficit
625 1636 770 1686 utilitates.
805 1632 868 1684 Non
888 1631 980 1681 minus

177 1703 259 1752 etiam
268 1710 438 1758 memoratur
447 1704 598 1777 antiquitus
607 1704 728 1754 crevisse
737 1698 979 1754 ardoresetabun·

176 1769 286 1820 davisse
301 1770 351 1820 sub
365 1769 501 1832 Vesuvio,
517 1777 546 1821 et
558 1771 623 1820 inde
635 1771 791 1821 evomuisse
806 1771 881 1820 circa
895 1780 980 1833 agros

176 1835 331 1905 flammam„
359 1838 481 1905 Ideoque
502 1853 574 1888 nunc
596 1838 643 1903 qui
662 1838 781 1905 spongia
799 1837 858 1888 sive
877 1847 980 1901 pumex

175 1902 361 1970 Pompeianus
372 1911 495 1966 vocatur,
506 1911 638 1955 excoctus
647 1919 682 1955 ex
690 1905 745 1956 alio
755 1917 857 1971 genere
866 1899 977 1968 lapidis,

174 1972 203 2019 in
214 1970 284 2022 hanc
294 1973 424 2023 redactus
436 1987 498 2023 csse
509 1972 618 2022 videtur
628 1973 738 2039 generis
750 1971 920 2037 qualitatem.
952 1965 977 2017 3.
1006 1986 1009 1992 ·

175 2037 205 2087 ld
216 2045 307 2089 autem
319 2055 406 2106 genus
417 2040 564 2106 spongiae,
576 2040 650 2105 quod
660 2040 725 2090 inde
736 2037 873 2098 eximitur,
882 2049 939 2086 non
948 2034 978 2083 in

176 2106 303 2156 onmibus
318 2107 388 2157 locis
403 2107 539 2168 nascitur,
555 2108 609 2157 nisi
623 2108 726 2158 circum
736 2108 850 2157 Aetnam
861 2108 890 2153 et
900 2101 979 2152 colli·

175 2171 226 2221 bus
234 2173 357 2239 Mysiae,
367 2188 437 2239 quae
447 2189 463 2223 a
472 2173 588 2224 Graecis
596 2192 627 2221 κα
632 2174 802 2237 τακεκαυμέιή
810 2170 979 2229 nominatur,

176 2243 204 2288 et
216 2240 321 2305 siquae
333 2241 504 2290 eiuscemodi
515 2247 579 2291 sunt
589 2241 714 2292 locorum
722 2239 916 2306 proprietates.
949 2233 979 2287 si

176 2320 244 2372 ergo
260 2307 287 2355 in
300 2305 341 2357 his
352 2308 423 2357 locis
435 2323 567 2374 aquarum
577 2306 718 2359 ferventes
728 2306 906 2358 inveniuntur
918 2300 980 2353 fon·

175 2380 231 2436 tes,
243 2380 271 2424 et
282 2374 309 2423 in
321 2375 460 2426 montibus
470 2376 611 2426 excavatis
623 2375 707 2425 calidi
717 2388 849 2441 vapores,
863 2372 981 2438 ipsaque

176 2441 241 2491 loca
258 2440 292 2490 ab
311 2443 432 2508 antiquis
450 2448 640 2493 memorantur
656 2446 841 2509 pervagantes
857 2439 886 2489 in
905 2451 923 2488 a
959 2435 983 2486 's

176 2506 306 2559 habuisse
317 2510 443 2572 ardores,
454 2510 638 2561 videturesse
649 2516 764 2571 certum,
776 2508 809 2558 ab
817 2507 891 2574 ignis
899 2518 933 2555 ve
955 2518 983 2554 e-

174 2577 278 2627 mentia
289 2591 322 2627 ex
333 2576 419 2644 topho
431 2583 572 2643 terraque,
584 2577 814 2643 quemadmodum
823 2575 852 2624 in
862 2569 984 2623 fornaci·

174 2643 224 2694 bus
232 2645 420 2709 etaoalce,ita
430 2659 464 2696 ex
474 2643 517 2695 his
526 2651 649 2712 ereptum
661 2659 723 2696 esse
731 2644 877 2711 liquorem.
895 2636 985 2708 ‹togi-
