2054 3090
109 207 158 260 roe
308 208 362 262 uu
387 199 715 264 incarnacione

109 317 277 363 conservant
295 310 453 376 humorem,
474 313 573 380 quibus
591 328 646 364 non
666 320 710 366 est
730 311 912 366 erodendum

108 378 159 430 sed
173 379 273 446 quibus
287 381 451 448 regionibus
465 387 494 432 et
506 381 602 443 terris,
618 395 674 431 non
688 376 810 443 lacunis,
825 394 862 431 ea
875 381 912 432 si-

107 461 163 513 gna
178 452 329 499 nascuntur
339 462 395 498 non
405 454 479 511 sata,
498 448 548 499 sed
557 448 723 510 naturaliter
751 462 782 499 er
791 462 823 498 se
834 461 912 499 crea·

108 519 149 575 ta,
169 514 209 564 ibi
228 520 272 565 est
288 514 455 581 quaerenda.
489 515 515 566 4.
534 515 565 565 ln
581 515 680 582 quibus
696 516 721 566 si
731 463 787 566 liae
801 530 859 566 non
874 516 911 566 si·

108 580 312 697 qnificabuntur
330 582 520 645 inventiones,
544 582 586 633 sic
608 588 690 633 erunt
712 581 913 649 experiundae.

133 647 244 698 odiatur
258 663 468 715 quoquoversus
484 649 563 701 locus
578 650 651 701 latus
666 664 701 701 ne
714 650 807 701 minus
823 649 912 716 pedes

109 715 244 780 quinque,
259 716 289 765 in
303 729 393 782 eoque
408 717 564 767 collocetur
574 717 687 767 circiter
696 717 765 768 solis
780 731 913 767 occasuro

11 789 13 792 ’
109 779 254 846 scaphium
269 797 381 833 aereum
399 789 447 834 aut
461 783 618 850 plumbeum
627 790 675 836 aut
685 784 789 850 pelvis,
807 784 856 845 (ex
866 781 911 834 bis

109 847 184 913 quod
198 849 253 899 erit
261 855 386 915 paratum
395 853 415 913 ‚)
430 850 514 917 idque
528 851 696 902 intrinsecus
711 850 775 902 oleo
790 866 828 902 un
867 855 913 902 tur

108 921 284 982 ponaturque
298 917 451 978 inversum,
472 923 501 968 et
515 932 621 967 summa
635 916 748 968 fossura
769 932 822 984 ope
849 923 913 968 atsur

109 982 290 1034 arundinibus
308 989 356 1034 aut
368 984 481 1047 fronde,
498 999 582 1049 supra
595 990 671 1035 terra
685 985 832 1048 obruatur3
851 990 911 1036 tum

109 1055 223 1114 postero
239 1050 284 1100 die
299 1053 452 1117 aperiatur,
468 1057 511 1113 et,
526 1052 590 1102 siin
599 1066 666 1102 vase
677 1052 770 1103 stillae
781 1051 911 1103 sudores-

110 1131 162 1182 que
179 1123 273 1179 erunt,
288 1119 320 1168 is·
331 1115 411 1170 lo'cus
427 1117 541 1169 babebit
554 1133 662 1184 aquam.
697 1118 723 1170 b.
742 1118 813 1170 ltem
826 1118 852 1169 si
862 1134 912 1169 vas

109 1198 146 1234 ex
160 1189 237 1234 oreta
250 1183 353 1235 iactum
368 1200 423 1237 non
437 1191 547 1236 coctum
564 1186 594 1236 in
613 1199 648 1236 ea
665 1184 793 1236 fossione
812 1184 911 1236 eadem

111 1252 220 1301 ratione
234 1260 360 1317 opertum
373 1253 496 1319 positum
512 1251 611 1315 fuerit,
630 1253 656 1303 si
670 1253 695 1303 is
713 1252 793 1303 locus
811 1266 911 1318 aquarn

111 1317 251 1380 babuerit,
267 1334 328 1369 curn
340 1325 464 1385 apertum
474 1318 573 1382 fuerit,
586 1334 635 1370 vas
646 1317 787 1370 humidum
797 1319 866 1380 orit,
883 1325 912 1369 et

111 1385 195 1435 ctiam
210 1385 380 1436 dissolvetur
399 1390 433 1437 ab
452 1385 577 1437 humore.
611 1385 764 1452 Vellusque
781 1386 863 1436 lanae
885 1385 910 1436 si

111 1451 280 1502 collocatum
296 1453 350 1503 erit
363 1453 391 1503 in
402 1468 436 1503 ea
452 1452 576 1515 fossura,
592 1452 752 1532 insequenti
761 1457 853 1504 autem
864 1452 910 1503 die

111 1518 146 1569 de
157 1532 191 1568 eo
202 1533 274 1584 aqua
285 1533 418 1585 expressa
427 1521 495 1583 erit,
511 1521 536 1570 si
556 1519 681 1571 nilloebrt
689 1533 753 1570 euni
762 1519 856 1570 locum
864 1518 911 1569 ba-

108 1586 176 1636 bere
187 1585 305 1650 copiam.
340 1584 401 1637 Non
413 1588 503 1638 nrinus
513 1535 833 1638 silucernsconcinnata
842 1586 911 1638 olei-

110 1667 163 1719 que
179 1653 262 1718 plena
273 1659 302 1703 et
312 1668 430 1704 accensa
438 1655 467 1705 in
482 1668 517 1704 eo
533 1654 597 1704 loco
608 1659 708 1721 operta
722 1652 809 1705 luerit
823 1653 911 1704 collo·

110 1726 187 1782 cata,
199 1727 227 1772 et
236 1727 351 1786 postero
363 1721 408 1771 die
420 1737 476 1772 non
486 1721 658 1783 eritoxusta,
668 1719 719 1771 sed
728 1718 858 1771 habuerit
867 1735 910 1772 re·

110 1787 211 1853 liquias
220 1785 278 1838 blei
290 1797 319 1839 et
329 1786 475 1854 ellychnii,
490 1789 606 1855 ipsaque
617 1786 730 1838 humida
742 1787 909 1849 invenietur,

111 1854 244 1905 indicabit
252 1869 314 1906 eum
324 1855 416 1906 locum
426 1853 529 1907 babere
540 1870 647 1922 aquam,
658 1854 724 1906 ideo
734 1853 810 1921 quod
820 1855 909 1906 omnis

68 1983 71 1988 ,
110 1929 192 1986 tepor
206 1921 241 1971 ad
256 1922 372 1973 seducit
384 1920 524 1974 humores.
559 1923 628 1973 ltern
640 1923 670 1973 in
680 1935 714 1973 eo
724 1921 791 1972 loco
799 1921 875 1990 ignis
885 1921 910 1973 si

111 1988 202 2039 iactus
218 1987 315 2052 fuerit,
336 1996 366 2040 et
378 1988 567 2056 percalefacta
578 1995 656 2040 terra
670 1994 699 2039 et
712 1987 812 2039 adusta
825 2003 909 2106 raqu-

112 2070 169 2105 rem
184 2055 349 2107 nebulosum
365 2071 444 2107 exse
461 2056 654 2118 suscitaverit,
670 2057 695 2106 is
704 2053 867 2107 locus-habe
887 2055 911 2105 it

112 2136 218 2186 aquarn.
254 2122 279 2173 6.
299 2124 367 2174 Cum
382 2121 452 2175 haec
465 2125 506 2174 ita
516 2130 597 2175 erunt
609 2128 781 2190 pertentare,
794 2129 825 2174 st
838 2136 909 2190 quae

112 2203 195 2252 supra
210 2190 315 2254 scripta
324 2196 388 2240 sunt
402 2192 482 2258 signa
495 2191 620 2251 inventa,
639 2195 697 2240 tum
713 2189 909 2256 deprimendos

112 2261 154 2304 est
172 2261 272 2320 puteus
288 2257 316 2305 in
332 2271 366 2307 eo
380 2257 457 2320 loco;
478 2258 541 2307 etsi
557 2263 640 2374 cappt
653 2257 910 2324 eritaquaeinven-

112 2328 183 2382 tum,
203 2322 295 2385 plures
316 2330 380 2374 sunt
398 2325 473 2374 circa
491 2323 586 2375 fodien
609 2325 614 2336 ‘
640 2329 669 2374 et
687 2338 739 2388 per
762 2337 863 2389 specus
881 2324 910 2373 in

113 2405 194 2439 uirum
205 2392 297 2439 locum
309 2405 404 2442 ornnes
415 2390 597 2442 conducendi.
632 2391 712 2441 llaec
721 2398 815 2441 autern
823 2391 910 2442 maxi·

112 2471 155 2505 me
166 2458 193 2507 in
205 2457 345 2507 montibus
357 2463 385 2508 et
394 2458 555 2537 regionibus
566 2457 832 2524 septentrionalibus
847 2463 912 2509 sunt

112 2524 284 2587 quaerenda,
300 2539 334 2574 eo
345 2525 419 2590 quod
429 2541 458 2575 ιιι
468 2523 511 2576 his
526 2531 555 2576 et
566 2527 696 2576 suaviora
712 2530 741 2575 et
753 2525 911 2576 salubriora

113 2597 140 2639 et
158 2591 319 2656 copiosiora
340 2592 529 2655 inveniuntur;
555 2593 644 2642 aversi
665 2592 737 2641 eninr
757 2598 823 2655 sunt
840 2592 912 2643 solis

114 2660 222 2721 cursui,
234 2658 301 2709 etin
312 2658 354 2708 his
370 2659 441 2709 locis
455 2660 571 2724 primurn
588 2660 702 2708 crebrae
718 2665 782 2710 sunt
795 2659 912 2710 arbores

114 2730 142 2774 et
156 2726 291 2788 silvosae,
307 2726 415 2791 ipsique
431 2733 540 2776 montes
554 2742 618 2776 suas
630 2725 733 2776 babent
743 2726 855 2778 umbras
865 2726 913 2778 ob
