2054 3090
222 294 225 300 .
277 224 465 279 nrnnuv.
502 226 664 297 crevi.
826 226 872 274 roa

67 339 138 391 quae
154 324 299 392 disiungat
311 327 452 393 proscenii
464 327 600 395 pulpitum
614 334 643 379 et
658 324 818 378 orchestrae
830 340 870 375 re·

87 393 188 442 onem.
220 393 245 442 2.
264 393 307 444 lta
323 393 407 444 latius
424 393 529 445 factum
541 394 628 447 fuerit
639 394 774 468 pulpitum
789 408 869 458 quarn

91 473 254 520 raecorum‚
269 461 344 526 quod
354 476 450 512 omnes
461 462 582 512 artifices
592 463 621 513 in
632 477 717 513 scena
727 461 793 510 dant
807 475 869 525 ope-

66 541 138 576 ram:
149 526 179 575 in
198 524 343 577 orchestra
357 534 449 578 autern
460 536 620 581 senatorum
631 534 696 581 sunt
705 527 819 579 sedibus
831 527 870 575 lo·

66 609 100 644 ca
114 593 274 674 designata:
289 600 318 645 et
332 596 392 645 eius
408 595 508 663 pulpiti
522 596 641 648 altitudo
656 596 694 647 sit
707 609 741 645 ne
752 594 814 661 plus
825 610 872 659 po·

66 660 132 710 dum
143 676 278 728 qumque,
293 662 333 712 uti
343 662 391 729 qui
401 663 429 712 in
441 661 586 714 orchestra
596 663 731 724 sederint,
743 666 869 728 spectaro

65 728 180 796 possint
193 729 313 779 omnium
327 729 474 796 agentium.
484 737 589 797 gestus.
627 731 713 781 cunei
728 734 870 795 spectacu-

68 795 194 845 culorum
208 795 237 844 in
251 793 363 846 theatro
377 796 420 846 ita
434 796 606 859 dividantur,
620 798 662 848 uti
677 796 772 863 anguli
782 795 869 861 trigo-

67 876 176 924 norum,
187 863 234 928 qui
244 867 359 914 currunt
368 863 472 914 circum
483 871 657 914 curvaturam
668 863 869 922 circinationis,

68 929 193 994 dirigant
204 943 336 980 aseensus
351 929 497 996 scalasque
510 931 584 981 inter
594 945 699 981 cuneos
710 930 744 979 ad
754 929 869 1007 primam

67 995 314 1061 praecinctionem.
345 995 814 1063 Eupraautemalternisitinerrbus
826 1010 869 1043 su-

68 1062 194 1128 periores
209 1063 291 1113 cunei
304 1062 391 1114 medii
406 1063 570 1131 dirigantur.
606 1063 631 1114 3.
649 1063 689 1113 Hi
703 1068 807 1122 autem,
823 1061 868 1125 qui

34 1187 38 1192 ,
68 1137 134 1183 sunt
151 1133 181 1184 in
198 1132 256 1183 imo
276 1135 306 1182 et
319 1129 443 1199 dirigunt
455 1130 587 1194 scalada,
607 1136 689 1182 erunt
700 1146 815 1182 numero
829 1145 871 1180 se-

68 1205 156 1272 ptem,
178 1195 300 1274 [apguln]
320 1197 422 1264 reliqui
435 1199 556 1313 quinpue
569 1212 671 1249 scenae
685 1199 746 1249 desi
787 1198 872 1248 abunt

64 1265 311 1376 compositionem
323 1267 353 1313 et
368 1277 439 1312 unus
450 1277 493 1312 me
515 1278 558 1312 rus
570 1268 668 1312 contra
678 1277 709 1312 se
719 1276 754 1311 va
767 1275 813 1310 vas
824 1274 866 1309 re-

55 1327 125 1394 'gias
154 1326 238 1378 abere
250 1327 345 1392 debet3
356 1334 386 1379 et
395 1329 442 1395 qui
452 1335 533 1380 erunt
543 1329 642 1380 dextra
651 1343 684 1380 ac
694 1328 809 1379 sinistra
818 1325 866 1376 ho-

63 1393 205 1459 spitalium
221 1393 409 1462 designabunt
419 1396 662 1463 compositionem
681 1395 800 1447 extremi
811 1394 865 1444 duo

50 1459 230 1527 >spectabunt
241 1461 345 1512 itinera
353 1461 537 1514 versutarum.
574 1461 683 1514 Gradus
694 1462 866 1529 spectaculo-

63 1543 137 1590 rum,
161 1527 210 1578 ubi
225 1528 361 1579 subsellia
378 1536 591 1598 componantur,
605 1545 640 1581 ne
650 1530 740 1581 minus
751 1528 801 1579 alti
811 1530 868 1580 sint

63 1595 242 1663 palmopede,
257 1611 291 1646 ne
305 1595 368 1664 plus
382 1596 452 1714 pede
467 1603 496 1648 et
509 1597 607 1665 digitis
621 1612 683 1649 sex:
703 1595 866 1647 latitudines

62 1677 160 1713 eorum
170 1677 205 1713 ne
215 1662 276 1730 plus
287 1662 372 1730 pedes
403 1680 453 1715 nos
464 1665 558 1728 semis,
568 1679 603 1716 ne
613 1665 702 1715 minus
732 1663 798 1715 edes
811 1663 865 1713 duo

63 1731 276 1782 constituantur.
315 1729 454 1798 [Sequitur
463 1733 542 1799 uulgo
556 1731 645 1798 Caput
658 1729 699 1782 Vr
713 1768 720 1780 .
757 1727 864 1780 det'ecto

58 1795 314 1864 porticustheotri]
337 1799 361 1849 4.
381 1800 498 1849 Tectum
508 1800 646 1866 porticus,
658 1797 734 1865 quod
743 1796 865 1847 futurum

62 1866 153 1923 estin
172 1879 278 1914 summa
292 1865 466 1932 gradatione,
482 1882 543 1917 cum
557 1881 657 1917 scenae
672 1863 819 1916 altitudine
833 1863 864 1911 li-

61 1933 173 1983 bratum
187 1931 347 1998 perficiatur
360 1933 439 1996 idco,
455 1934 530 2000 quod
541 1949 596 1984 vor
603 1947 732 1984 crescens
744 1930 864 1996 aequali-

62 2007 105 2051 ter
129 1999 166 2049 ad
188 2011 308 2050 summas
331 2001 512 2067 gradationes
535 2008 563 2051 et
584 2006 689 2051 tectum
712 1998 864 2065 perveniet.

61 2066 188 2133 Namque
200 2066 225 2117 si
236 2080 292 2116 non
302 2068 357 2118 erit
366 2068 495 2135 aequale,
507 2083 562 2133 quo
572 2067 665 2117 minus
673 2066 760 2117 fuerit
770 2065 864 2125 altum,

61 2150 117 2186 vox
130 2133 318 2202 praeripietur
332 2134 368 2185 ad
383 2150 444 2185 eam
458 2135 645 2197 altitudinem,
662 2135 696 2184 ad
711 2148 791 2200 quam
805 2148 864 2198 per-

62 2202 157 2253 veniet
165 2201 265 2267 primo.
301 2201 325 2252 5.
346 2201 498 2253 Orchestra
506 2204 580 2253 inter
589 2202 691 2269 gradus
701 2202 773 2251 imos
784 2215 864 2266 quam

62 2270 222 2321 diametron
240 2267 381 2331 habuerit,
397 2271 457 2320 eius
472 2277 552 2320 sexta
565 2285 629 2336 pars
644 2276 780 2329 sumatur,
796 2275 824 2318 et
838 2268 864 2315 in

62 2337 194 2387 cornibus
205 2337 335 2404 utrinque
346 2337 437 2400 aditus
449 2337 483 2386 ad
494 2339 553 2387 eius
564 2349 710 2387 mensurae
721 2335 865 2403 perpendi-

63 2404 154 2455 culum
168 2402 319 2454 inieriorcs
331 2403 412 2455 sedes
422 2404 661 2471 praecidantur‚et
685 2403 865 2469 uapraecisio

63 2470 156 2535 luerit,
162 2471 203 2521 ibi
213 2471 420 2523 constituantur
429 2473 559 2522 itinerum
570 2421 731 2538 superclia3
743 2472 783 2519 ita
793 2469 865 2519 enim

62 2539 130 2590 satis
145 2537 323 2589 altitudinem
338 2537 479 2589 habebunt
493 2554 588 2589 corum
600 2537 865 2589 confornicationes.

62 2605 85 2657 o.
105 2606 214 2659 Scenae
224 2605 371 2672 longitudo
384 2606 418 2655 ad
429 2605 589 2656 orchestrae
600 2605 754 2655 diametron
766 2602 866 2668 duplex

63 2658 231 2725 heridebet:
242 2674 321 2739 podii
335 2673 453 2722 altitudo
469 2673 503 2722 ah
518 2672 683 2722 libramento
694 2672 793 2736 pulpiti
805 2687 865 2721 cum

63 2740 265 2807 coronaetlysi
280 2740 445 2790 duodecima
461 2738 623 2809 orchestrae
634 2739 880 2809 diametri-,supra
