2054 3090
113 168 149 224 bd
317 172 372 231 Dis
396 175 715 233 ARCHITECTURA

113 279 302 342 quartaparta
316 276 483 345 graciliores
493 293 575 345 quam
589 278 743 346 superiora.
778 278 869 333 liores
878 281 921 332 ita

111 343 335 410 compingantur,
346 345 389 396 uti
399 346 477 412 scapi
487 346 646 399 cardinales
654 347 712 398 sint
721 361 757 398 ex
766 347 918 401 altitudine

111 409 224 461 luminis
238 413 327 462 totius
341 412 611 480 duodecimaparte:
634 414 708 465 inter
726 414 797 466 duos
816 430 919 482 scapos

111 484 244 546 tympana
258 493 294 531 ex
309 478 458 530 duodecim
472 480 599 546 partibus
614 479 735 533 habeant
747 487 843 533 ternas
856 497 919 548 par·

111 551 164 596 tes.
199 546 224 596 5.
243 545 403 614 lmpagibus
414 547 629 599 distributiones
639 548 680 599 ita
689 549 770 611 fient,
781 549 836 612 uti,
847 549 919 600 divi·

112 613 151 664 sis
166 612 362 665 altitudinibus
376 615 405 664 in
417 621 513 681 partes
526 615 661 682 quinque,
680 614 752 666 duae
767 616 918 682 superiori,
932 654 935 660 .

111 688 169 732 tres
184 679 313 733 inferiori
329 680 523 750 designentur:
543 697 627 748 super
640 682 762 733 madium
772 683 859 734 medii
868 684 918 734 im-

111 763 197 814 pages
214 748 400 801 collocentur:
422 765 457 800 ex
469 750 588 816 reliquis
602 748 652 800 alii
667 751 697 800 in
710 764 817 801 summo
828 749 879 800 alii
888 751 918 801 in

111 817 166 865 imo
189 817 413 883 compingantur:
438 817 557 869 altitudo
579 817 699 884 impagis
723 817 773 867 fist
790 817 916 883 tympani

111 883 195 933 tertia
204 890 296 948 parte3
307 885 459 950 cymatium
469 889 549 936 sexta
558 891 637 950 parte
648 884 776 963 impegis.
812 883 917 950 Scupo·

112 966 170 1000 rum
181 949 343 1002 latitudines
354 952 473 1018 impagis
484 951 601 1002 dimidia
612 957 705 1018 parte:
725 958 793 1002 rtem
806 951 917 1017 replum

112 1018 145 1067 de
161 1019 272 1085 impage
287 1018 403 1069 dimidia
417 1024 446 1069 et
460 1025 542 1070 sexta
554 1027 643 1084 parte.
681 1016 779 1085 [Scapi
792 1019 918 1086 quisunt

111 1091 175 1136 ante
190 1085 342 1136 secundum
359 1093 536 1153 pagmentum
549 1085 694 1137 dimidium
711 1086 831 1166 impagis
850 1100 916 1137 con·

111 1151 284 1220 stituaotur]
322 1153 371 1205 Sin
387 1160 479 1204 autem
495 1153 623 1204 valvatae
640 1160 735 1216 erunt,
751 1153 916 1205 altitudines

110 1221 150 1270 ita
159 1221 321 1284 manebunt,
331 1221 360 1272 in
371 1221 548 1274 latitudinem
559 1220 707 1273 adiicietur
716 1221 836 1286 amplius
843 1220 917 1272 foris

109 1287 244 1351 latitudn;
265 1289 289 1338 si
303 1289 474 1355 quadriforis
487 1288 582 1341 futura
591 1294 648 1352 est,
665 1288 784 1339 altitudo
799 1288 916 1339 adiicia-

109 1359 163 1404 tur.
198 1353 349 1405 astetens
370 1371 401 1406 as
421 1362 514 1407 autem
533 1356 635 1408 iisdem
656 1355 812 1407 rationibus
834 1356 916 1422 perii·

110 1422 234 1483 ciuntur,
245 1422 344 1487 quibus
383 1423 472 1474 oriea:
492 1430 641 1489 praeterea
650 1437 749 1474 corsae
759 1423 811 1474 sub
822 1438 917 1489 eyma-

109 1489 157 1538 tiis
167 1489 196 1537 in
210 1490 432 1555 antepagmentis
447 1491 666 1554 circumdantur,
681 1505 752 1557 quae
766 1490 808 1541 ita
819 1489 915 1542 distri·

111 1555 158 1605 bui
172 1555 288 1618 debent,
304 1557 345 1606 uti
360 1562 575 1624 antepagmenta
590 1564 702 1625 praeter
713 1558 866 1624 cymatium
880 1572 916 1609 ex

109 1622 233 1688 partibus
247 1629 354 1689 septem
374 1622 494 1677 habeant
511 1627 579 1677 duas
597 1632 704 1692 partes,
723 1625 841 1691 ipsaque
859 1640 916 1676 non

109 1690 551 1759 liuntcelostratanequebiiora,
568 1693 619 1744 sed
629 1693 751 1755 valvata,
767 1698 915 1757 etapertu-

109 1774 155 1809 ras
164 1756 268 1810 habent
277 1759 306 1810 in
317 1761 472 1826 citeriores
482 1768 586 1828 partas.
796 1818 802 1827 ,

161 1827 237 1887 Quas
250 1827 375 1878 rationes
386 1828 496 1879 aedium
507 1843 648 1879 sacrarum
656 1827 686 1877 in
697 1826 915 1878 formationibus

110 1900 240 1960 oporteat
253 1895 316 1945 fieri
325 1894 452 1957 Doricis,
466 1895 583 1958 ionicis,
598 1894 807 1961 corinthiisque
822 1896 915 1959 operi-

110 1962 172 2025 bus,
191 1961 284 2029 quoad
297 1964 377 2028 potui
388 1963 535 2030 attingere,
546 1962 635 2014 veluti
644 1961 779 2028 legitimis
789 1962 916 2012 moribus

109 2031 239 2148 θέροεὲιίε
260 2030 380 2149 nuntctde
394 2031 558 2149 Τυεῖιιηὲοᾶς
574 2028 806 2096 dispositionibus
821 2043 915 2095 quem·

109 2111 124 2145 a
145 2112 189 2147 mo
212 2113 256 2148 um
265 2113 309 2148 ms
324 2114 333 2147 1
347 2113 376 2150 ur
387 2112 457 2164 opor
471 2112 505 2148 aa
545 2112 625 2149 ream.

397 2198 530 2249 cnPU'r
556 2198 625 2250 Vll.

310 2278 357 2332 De
374 2281 500 2333 ratione
520 2279 711 2334 Tuscanica.

158 2365 265 2429 Locus,
274 2365 304 2416 in
314 2381 369 2432 quo
378 2365 456 2417 aedis
467 2367 663 2430 constituetur,
675 2383 735 2420 cum
746 2365 876 2419 babuerit
886 2384 914 2419 m

107 2433 283 2501 longitudine
293 2448 344 2485 sex
352 2440 454 2500 partes,
465 2449 520 2484 una
529 2433 765 2501 demtareliquum
775 2434 850 2501 quod
861 2436 917 2487 erit
963 2432 967 2440 '

108 2500 248 2553 latitudini
266 2501 355 2554 detur.
392 2500 553 2568 Longitudo
569 2508 661 2553 autem
674 2502 813 2553 dividatur
823 2501 915 2568 bipar-

107 2569 173 2620 tito:
190 2576 218 2620 et
227 2585 299 2637 quae
310 2585 374 2637 pars
386 2569 440 2619 erit
449 2569 576 2631 interior,
589 2570 721 2621 cellarum
732 2570 832 2636 spatiis
842 2569 916 2621 (lesi-

106 2635 915 2704 gnotus,quaeeritproximaironti‚columnarumdisposi·

108 2704 178 2753 tioni
189 2706 371 2772 relinquatur.
408 2705 433 2754 2.
451 2703 520 2758 item
534 2703 653 2760 latitudo
665 2704 806 2757 dividatur
814 2705 843 2755 in
853 2720 915 2772 par·
