<?xml version="1.0" encoding="UTF-8"?>
<!DOCTYPE html PUBLIC "-//W3C//DTD XHTML 1.0 Transitional//EN"
    "http://www.w3.org/TR/xhtml1/DTD/xhtml1-transitional.dtd">
<html xmlns="http://www.w3.org/1999/xhtml" xml:lang="en" lang="en">
 <head>
  <title>
</title>
<meta http-equiv="Content-Type" content="text/html;charset=utf-8" />
  <meta name='ocr-system' content='tesseract 3.04.00' />
  <meta name='ocr-capabilities' content='ocr_page ocr_carea ocr_par ocr_line ocrx_word'/>
</head>
<body>
  <div class='ocr_page' id='page_1' title='image "./dearchitectural00pollgoog_0095.png"; bbox 0 0 2054 3090; ppageno 0'>
   <div class='ocr_carea' id='block_1_1' title="bbox 111 142 718 229">
    <p class='ocr_par' dir='ltr' id='par_1_1' title="bbox 111 142 718 229">
     <span class='ocr_line' id='line_1_1' title="bbox 111 142 718 229; baseline 0.008 -5"><span class='ocrx_word' id='word_1_1' title='bbox 111 170 145 224; x_wconf 74' lang='lat' dir='ltr'><strong>ro</strong></span> <span class='ocrx_word' id='word_1_2' title='bbox 313 142 368 223; x_wconf 75' lang='lat' dir='ltr'><strong>oia</strong></span> <span class='ocrx_word' id='word_1_3' title='bbox 394 175 718 229; x_wconf 77' lang='lat' dir='ltr'><strong>sacurrucruos</strong></span> 
     </span>
    </p>
   </div>
   <div class='ocr_carea' id='block_1_2' title="bbox 41 273 973 947">
    <p class='ocr_par' dir='ltr' id='par_1_2' title="bbox 111 273 973 478">
     <span class='ocr_line' id='line_1_2' title="bbox 112 273 973 343; baseline 0.007 -19"><span class='ocrx_word' id='word_1_4' title='bbox 112 274 239 325; x_wconf 84' lang='lat' dir='ltr'><strong>crificant</strong></span> <span class='ocrx_word' id='word_1_5' title='bbox 248 273 406 343; x_wconf 74' lang='lat' dir='ltr'>disparibus</span> <span class='ocrx_word' id='word_1_6' title='bbox 417 277 610 329; x_wconf 79' lang='lat' dir='ltr'><strong>altitudinibus</strong></span> <span class='ocrx_word' id='word_1_7' title='bbox 624 278 713 330; x_wconf 86' lang='lat' dir='ltr'><strong>adsui</strong></span> <span class='ocrx_word' id='word_1_8' title='bbox 724 277 861 343; x_wconf 82' lang='lat' dir='ltr'><strong>cuiusque</strong></span> <span class='ocrx_word' id='word_1_9' title='bbox 871 275 934 329; x_wconf 68' lang='lat' dir='ltr'><strong>dw</strong></span> <span class='ocrx_word' id='word_1_10' title='bbox 968 308 973 316; x_wconf 94' lang='lat'><em>·</em></span> 
     </span>
     <span class='ocr_line' id='line_1_3' title="bbox 112 342 917 410; baseline 0.004 -18"><span class='ocrx_word' id='word_1_11' title='bbox 112 342 243 392; x_wconf 89' lang='lat' dir='ltr'><strong>decorem</strong></span> <span class='ocrx_word' id='word_1_12' title='bbox 267 354 477 410; x_wconf 83' lang='lat' dir='ltr'><strong>componantur.</strong></span> <span class='ocrx_word' id='word_1_13' title='bbox 512 344 680 396; x_wconf 81' lang='lat' dir='ltr'><strong>Altitudinss</strong></span> <span class='ocrx_word' id='word_1_14' title='bbox 707 351 800 396; x_wconf 90' lang='lat' dir='ltr'><strong>autem</strong></span> <span class='ocrx_word' id='word_1_15' title='bbox 821 357 917 395; x_wconf 81' lang='lat' dir='ltr'><strong>aarum</strong></span> 
     </span>
     <span class='ocr_line' id='line_1_4' title="bbox 111 410 916 478; baseline 0.002 -19"><span class='ocrx_word' id='word_1_16' title='bbox 111 410 153 460; x_wconf 93' lang='lat' dir='ltr'><strong>sic</strong></span> <span class='ocrx_word' id='word_1_17' title='bbox 167 415 232 460; x_wconf 90' lang='lat' dir='ltr'><strong>sunt</strong></span> <span class='ocrx_word' id='word_1_18' title='bbox 246 410 440 477; x_wconf 77' lang='lat' dir='ltr'><strong>explicandae,</strong></span> <span class='ocrx_word' id='word_1_19' title='bbox 456 412 497 461; x_wconf 91' lang='lat' dir='ltr'><strong>uti</strong></span> <span class='ocrx_word' id='word_1_20' title='bbox 511 412 572 463; x_wconf 83' lang='lat' dir='ltr'><strong>lovi</strong></span> <span class='ocrx_word' id='word_1_21' title='bbox 587 413 769 478; x_wconf 90' lang='lat' dir='ltr'><strong>omnibusque</strong></span> <span class='ocrx_word' id='word_1_22' title='bbox 784 410 916 463; x_wconf 84' lang='lat' dir='ltr'><strong>coelesti-</strong></span> 
     </span>
    </p>

    <p class='ocr_par' dir='ltr' id='par_1_3' title="bbox 41 472 918 730">
     <span class='ocr_line' id='line_1_5' title="bbox 41 472 918 543; baseline 0.003 -18"><span class='ocrx_word' id='word_1_23' title='bbox 41 472 45 480; x_wconf 88' lang='lat'>&#39;</span> <span class='ocrx_word' id='word_1_24' title='bbox 110 476 162 527; x_wconf 90' lang='lat' dir='ltr'><strong>bus</strong></span> <span class='ocrx_word' id='word_1_25' title='bbox 173 477 258 543; x_wconf 85' lang='lat' dir='ltr'><strong>&#39;quam</strong></span> <span class='ocrx_word' id='word_1_26' title='bbox 277 477 486 528; x_wconf 77' lang='lat' dir='ltr'><strong>excelsissimae</strong></span> <span class='ocrx_word' id='word_1_27' title='bbox 506 481 722 541; x_wconf 80' lang='lat' dir='ltr'><strong>constituantur,</strong></span> <span class='ocrx_word' id='word_1_28' title='bbox 740 478 843 529; x_wconf 88' lang='lat' dir='ltr'><strong>Vestae</strong></span> <span class='ocrx_word' id='word_1_29' title='bbox 850 477 918 528; x_wconf 79' lang='lat' dir='ltr'><strong>Ma-</strong></span> 
     </span>
     <span class='ocr_line' id='line_1_6' title="bbox 110 543 916 609; baseline 0.001 -16"><span class='ocrx_word' id='word_1_30' title='bbox 110 545 202 609; x_wconf 89' lang='lat' dir='ltr'><strong>trique</strong></span> <span class='ocrx_word' id='word_1_31' title='bbox 217 546 323 594; x_wconf 80' lang='lat' dir='ltr'><strong>Terrae</strong></span> <span class='ocrx_word' id='word_1_32' title='bbox 338 543 458 596; x_wconf 84' lang='lat' dir='ltr'><strong>humiles</strong></span> <span class='ocrx_word' id='word_1_33' title='bbox 472 545 658 597; x_wconf 84' lang='lat' dir='ltr'><strong>collocentur:</strong></span> <span class='ocrx_word' id='word_1_34' title='bbox 683 547 724 596; x_wconf 91' lang='lat' dir='ltr'><strong>ita</strong></span> <span class='ocrx_word' id='word_1_35' title='bbox 736 545 856 595; x_wconf 87' lang='lat' dir='ltr'><strong>idoneae</strong></span> <span class='ocrx_word' id='word_1_36' title='bbox 871 544 916 595; x_wconf 93' lang='lat' dir='ltr'><strong>his</strong></span> 
     </span>
     <span class='ocr_line' id='line_1_7' title="bbox 111 611 905 679; baseline 0.001 -19"><span class='ocrx_word' id='word_1_37' title='bbox 111 611 333 662; x_wconf 86' lang='lat' dir='ltr'><strong>institutionibus</strong></span> <span class='ocrx_word' id='word_1_38' title='bbox 348 612 560 679; x_wconf 87' lang='lat' dir='ltr'><strong>explicabuntur</strong></span> <span class='ocrx_word' id='word_1_39' title='bbox 573 615 602 662; x_wconf 94' lang='lat' dir='ltr'><strong>in</strong></span> <span class='ocrx_word' id='word_1_40' title='bbox 612 611 841 664; x_wconf 85' lang='lat' dir='ltr'><strong>meditationibus</strong></span> <span class='ocrx_word' id='word_1_41' title='bbox 856 626 905 662; x_wconf 88' lang='lat' dir='ltr'><strong>ara</strong></span> 
     </span>
     <span class='ocr_line' id='line_1_8' title="bbox 102 678 409 730; baseline 0.013 -5"><span class='ocrx_word' id='word_1_42' title='bbox 102 693 170 728; x_wconf 72' lang='lat' dir='ltr'><strong>,rum</strong></span> <span class='ocrx_word' id='word_1_43' title='bbox 179 678 409 730; x_wconf 89' lang='lat' dir='ltr'><strong>deformationes.</strong></span> 
     </span>
    </p>

    <p class='ocr_par' dir='ltr' id='par_1_4' title="bbox 110 746 969 947">
     <span class='ocr_line' id='line_1_9' title="bbox 161 746 969 814; baseline 0.001 -20"><span class='ocrx_word' id='word_1_44' title='bbox 161 746 316 811; x_wconf 83' lang='lat' dir='ltr'><strong>Explicatis</strong></span> <span class='ocrx_word' id='word_1_45' title='bbox 332 746 442 798; x_wconf 91' lang='lat' dir='ltr'><strong>aedium</strong></span> <span class='ocrx_word' id='word_1_46' title='bbox 458 761 600 797; x_wconf 86' lang='lat' dir='ltr'><strong>sacrarum</strong></span> <span class='ocrx_word' id='word_1_47' title='bbox 615 746 867 814; x_wconf 84' lang='lat' dir='ltr'><strong>compositionibus</strong></span> <span class='ocrx_word' id='word_1_48' title='bbox 886 746 914 794; x_wconf 89' lang='lat' dir='ltr'><strong>in</strong></span> <span class='ocrx_word' id='word_1_49' title='bbox 966 746 969 752; x_wconf 90' lang='lat'>&#39;</span> 
     </span>
     <span class='ocr_line' id='line_1_10' title="bbox 110 811 916 881; baseline 0.001 -19"><span class='ocrx_word' id='word_1_50' title='bbox 110 811 164 862; x_wconf 90' lang='lat' dir='ltr'><strong>boc</strong></span> <span class='ocrx_word' id='word_1_51' title='bbox 174 813 260 875; x_wconf 81' lang='lat' dir='ltr'><strong>libro,</strong></span> <span class='ocrx_word' id='word_1_52' title='bbox 272 814 300 863; x_wconf 90' lang='lat' dir='ltr'><strong>in</strong></span> <span class='ocrx_word' id='word_1_53' title='bbox 311 815 439 879; x_wconf 88' lang='lat' dir='ltr'><strong>sequenti</strong></span> <span class='ocrx_word' id='word_1_54' title='bbox 451 814 486 864; x_wconf 92' lang='lat' dir='ltr'><strong>de</strong></span> <span class='ocrx_word' id='word_1_55' title='bbox 497 817 682 865; x_wconf 91' lang='lat' dir='ltr'><strong>communium</strong></span> <span class='ocrx_word' id='word_1_56' title='bbox 694 829 808 881; x_wconf 88' lang='lat' dir='ltr'><strong>operum</strong></span> <span class='ocrx_word' id='word_1_57' title='bbox 817 813 916 863; x_wconf 88' lang='lat' dir='ltr'><strong>redde-</strong></span> 
     </span>
     <span class='ocr_line' id='line_1_11' title="bbox 110 880 647 947; baseline 0.006 -19"><span class='ocrx_word' id='word_1_58' title='bbox 110 896 169 931; x_wconf 89' lang='lat' dir='ltr'><strong>mus</strong></span> <span class='ocrx_word' id='word_1_59' title='bbox 181 880 426 931; x_wconf 87' lang='lat' dir='ltr'><strong>distributionibus</strong></span> <span class='ocrx_word' id='word_1_60' title='bbox 435 881 647 947; x_wconf 85' lang='lat' dir='ltr'><strong>explicationes.</strong></span> 
     </span>
    </p>
   </div>
   <div class='ocr_carea' id='block_1_3' title="bbox 110 1051 915 1078">
    <p class='ocr_par' dir='ltr' id='par_1_5' title="bbox 110 1051 915 1078">
     <span class='ocr_line' id='line_1_12' title="bbox 110 1051 915 1078; baseline 0 -5"><span class='ocrx_word' id='word_1_61' title='bbox 110 1051 915 1078; x_wconf 28' lang='lat' dir='ltr'><strong>ww</strong></span> 
     </span>
    </p>
   </div>
   <div class='ocr_carea' id='block_1_4' title="bbox 254 1197 770 1288">
    <p class='ocr_par' dir='ltr' id='par_1_6' title="bbox 254 1197 770 1288">
     <span class='ocr_line' id='line_1_13' title="bbox 254 1197 770 1288; baseline -0.012 -17"><span class='ocrx_word' id='word_1_62' title='bbox 254 1199 437 1272; x_wconf 76' lang='lat' dir='ltr'><strong>sisso</strong></span> <span class='ocrx_word' id='word_1_63' title='bbox 489 1197 770 1288; x_wconf 70' lang='lat' dir='ltr'><strong>ausurus</strong></span> 
     </span>
    </p>
   </div>
   <div class='ocr_carea' id='block_1_5' title="bbox 427 1344 592 1355">
    <p class='ocr_par' dir='ltr' id='par_1_7' title="bbox 427 1344 592 1355">
     <span class='ocr_line' id='line_1_14' title="bbox 427 1344 592 1355; baseline -0.006 0"><span class='ocrx_word' id='word_1_64' title='bbox 427 1344 592 1355; x_wconf 65' lang='grc' dir='ltr'><strong>-η-ι-ι-ι</strong></span> 
     </span>
    </p>
   </div>
   <div class='ocr_carea' id='block_1_6' title="bbox 261 1413 694 1529">
    <p class='ocr_par' dir='ltr' id='par_1_8' title="bbox 261 1413 694 1529">
     <span class='ocr_line' id='line_1_15' title="bbox 261 1413 694 1529; baseline -0.005 -51"><span class='ocrx_word' id='word_1_65' title='bbox 261 1429 264 1433; x_wconf 81' lang='grc'><em>’</em></span> <span class='ocrx_word' id='word_1_66' title='bbox 326 1413 694 1529; x_wconf 63' lang='lat' dir='ltr'><strong>PRAEFArlo.</strong></span> 
     </span>
    </p>
   </div>
   <div class='ocr_carea' id='block_1_7' title="bbox 107 1517 977 2761">
    <p class='ocr_par' dir='ltr' id='par_1_9' title="bbox 107 1517 977 2761">
     <span class='ocr_line' id='line_1_16' title="bbox 110 1517 912 1618; baseline -0.009 -16"><span class='ocrx_word' id='word_1_67' title='bbox 110 1517 177 1615; x_wconf 73' lang='lat' dir='ltr'><strong>Qui</strong></span> <span class='ocrx_word' id='word_1_68' title='bbox 189 1549 371 1616; x_wconf 88' lang='lat' dir='ltr'><strong>amplioribus</strong></span> <span class='ocrx_word' id='word_1_69' title='bbox 381 1549 576 1613; x_wconf 88' lang='lat' dir='ltr'><strong>voluminibus,</strong></span> <span class='ocrx_word' id='word_1_70' title='bbox 588 1546 912 1618; x_wconf 85' lang='lat' dir='ltr'><strong>imperator‚ingeniico·</strong></span> 
     </span>
     <span class='ocr_line' id='line_1_17' title="bbox 109 1615 913 1685; baseline -0.011 -15"><span class='ocrx_word' id='word_1_71' title='bbox 109 1619 262 1685; x_wconf 82' lang='lat' dir='ltr'><strong>gitatioues</strong></span> <span class='ocrx_word' id='word_1_72' title='bbox 275 1623 482 1685; x_wconf 88' lang='lat' dir='ltr'><strong>praeceptaque</strong></span> <span class='ocrx_word' id='word_1_73' title='bbox 496 1618 718 1685; x_wconf 86' lang='lat' dir='ltr'><strong>explicaverunt,</strong></span> <span class='ocrx_word' id='word_1_74' title='bbox 736 1615 871 1668; x_wconf 86' lang='lat' dir='ltr'><strong>maximas</strong></span> <span class='ocrx_word' id='word_1_75' title='bbox 885 1619 913 1662; x_wconf 82' lang='lat' dir='ltr'><strong>et</strong></span> 
     </span>
     <span class='ocr_line' id='line_1_18' title="bbox 109 1679 913 1754; baseline -0.009 -18"><span class='ocrx_word' id='word_1_76' title='bbox 109 1686 240 1754; x_wconf 83' lang='lat' dir='ltr'><strong>egregias</strong></span> <span class='ocrx_word' id='word_1_77' title='bbox 250 1686 413 1736; x_wconf 87' lang='lat' dir='ltr'><strong>adiecerunt</strong></span> <span class='ocrx_word' id='word_1_78' title='bbox 425 1686 483 1736; x_wconf 92' lang='lat' dir='ltr'><strong>suis</strong></span> <span class='ocrx_word' id='word_1_79' title='bbox 497 1686 610 1752; x_wconf 86' lang='lat' dir='ltr'><strong>scriptis</strong></span> <span class='ocrx_word' id='word_1_80' title='bbox 625 1684 823 1745; x_wconf 64' lang='lat' dir='ltr'><strong>auctoritatem</strong></span> <span class='ocrx_word' id='word_1_81' title='bbox 840 1679 913 1747; x_wconf 91' lang='lat' dir='ltr'><strong>quod</strong></span> 
     </span>
     <span class='ocr_line' id='line_1_19' title="bbox 109 1752 914 1819; baseline -0.01 -15"><span class='ocrx_word' id='word_1_82' title='bbox 109 1756 193 1804; x_wconf 91' lang='lat' dir='ltr'><strong>etiam</strong></span> <span class='ocrx_word' id='word_1_83' title='bbox 206 1754 252 1804; x_wconf 85' lang='lat' dir='ltr'><strong>vel</strong></span> <span class='ocrx_word' id='word_1_84' title='bbox 265 1755 293 1804; x_wconf 92' lang='lat' dir='ltr'><strong>in</strong></span> <span class='ocrx_word' id='word_1_85' title='bbox 308 1752 413 1804; x_wconf 85' lang='lat' dir='ltr'><strong>nostris</strong></span> <span class='ocrx_word' id='word_1_86' title='bbox 428 1753 640 1819; x_wconf 82' lang='lat' dir='ltr'><strong>quoquestudiis</strong></span> <span class='ocrx_word' id='word_1_87' title='bbox 652 1766 699 1805; x_wconf 83' lang='lat' dir='ltr'><strong>res</strong></span> <span class='ocrx_word' id='word_1_88' title='bbox 712 1756 868 1818; x_wconf 85' lang='lat' dir='ltr'><strong>pateretur,</strong></span> <span class='ocrx_word' id='word_1_89' title='bbox 885 1753 914 1797; x_wconf 87' lang='lat' dir='ltr'><strong>ut</strong></span> 
     </span>
     <span class='ocr_line' id='line_1_20' title="bbox 108 1817 914 1893; baseline -0.006 -23"><span class='ocrx_word' id='word_1_90' title='bbox 108 1821 371 1888; x_wconf 83' lang='lat' dir='ltr'><strong>anrplifrcationibus</strong></span> <span class='ocrx_word' id='word_1_91' title='bbox 381 1821 534 1872; x_wconf 90' lang='lat' dir='ltr'><strong>auctoritas</strong></span> <span class='ocrx_word' id='word_1_92' title='bbox 544 1821 605 1871; x_wconf 86' lang='lat' dir='ltr'><strong>etin</strong></span> <span class='ocrx_word' id='word_1_93' title='bbox 613 1817 819 1886; x_wconf 83' lang='lat' dir='ltr'><strong>bispraeceptis</strong></span> <span class='ocrx_word' id='word_1_94' title='bbox 832 1829 914 1893; x_wconf 79' lang='lat' dir='ltr'><strong>auge-</strong></span> 
     </span>
     <span class='ocr_line' id='line_1_21' title="bbox 109 1881 913 1954; baseline -0.007 -16"><span class='ocrx_word' id='word_1_95' title='bbox 109 1897 196 1940; x_wconf 87' lang='lat' dir='ltr'><strong>retur:</strong></span> <span class='ocrx_word' id='word_1_96' title='bbox 209 1889 258 1938; x_wconf 86' lang='lat' dir='ltr'><strong>scd</strong></span> <span class='ocrx_word' id='word_1_97' title='bbox 267 1889 357 1939; x_wconf 89' lang='lat' dir='ltr'><strong>idnou</strong></span> <span class='ocrx_word' id='word_1_98' title='bbox 366 1895 419 1950; x_wconf 87' lang='lat' dir='ltr'><strong>est,</strong></span> <span class='ocrx_word' id='word_1_99' title='bbox 429 1887 659 1954; x_wconf 88' lang='lat' dir='ltr'><strong>quemadmodum</strong></span> <span class='ocrx_word' id='word_1_100' title='bbox 666 1891 788 1952; x_wconf 89' lang='lat' dir='ltr'><strong>putatur,</strong></span> <span class='ocrx_word' id='word_1_101' title='bbox 801 1881 913 1948; x_wconf 83' lang='lat' dir='ltr'><strong>expedi-</strong></span> 
     </span>
     <span class='ocr_line' id='line_1_22' title="bbox 108 1948 912 2006; baseline -0.01 0"><span class='ocrx_word' id='word_1_102' title='bbox 108 1967 175 2006; x_wconf 91' lang='lat' dir='ltr'><strong>tum.</strong></span> <span class='ocrx_word' id='word_1_103' title='bbox 210 1955 274 2006; x_wconf 91' lang='lat' dir='ltr'><strong>Non</strong></span> <span class='ocrx_word' id='word_1_104' title='bbox 283 1956 356 2006; x_wconf 92' lang='lat' dir='ltr'><strong>enim</strong></span> <span class='ocrx_word' id='word_1_105' title='bbox 366 1956 400 2006; x_wconf 89' lang='lat' dir='ltr'><strong>de</strong></span> <span class='ocrx_word' id='word_1_106' title='bbox 411 1948 912 2006; x_wconf 86' lang='lat' dir='ltr'><strong>architecturasicscribiturutbisto-</strong></span> 
     </span>
     <span class='ocr_line' id='line_1_23' title="bbox 108 2019 977 2089; baseline -0.008 -18"><span class='ocrx_word' id='word_1_107' title='bbox 108 2025 166 2073; x_wconf 88' lang='lat' dir='ltr'><strong>riae</strong></span> <span class='ocrx_word' id='word_1_108' title='bbox 181 2027 376 2089; x_wconf 79' lang='lat' dir='ltr'><strong>autpoe&#39;mata.</strong></span> <span class='ocrx_word' id='word_1_109' title='bbox 411 2022 556 2073; x_wconf 85' lang='lat' dir='ltr'><strong>Historiae</strong></span> <span class='ocrx_word' id='word_1_110' title='bbox 565 2035 616 2088; x_wconf 89' lang='lat' dir='ltr'><strong>per</strong></span> <span class='ocrx_word' id='word_1_111' title='bbox 627 2035 658 2072; x_wconf 87' lang='lat' dir='ltr'><strong>se</strong></span> <span class='ocrx_word' id='word_1_112' title='bbox 668 2025 765 2071; x_wconf 86' lang='lat' dir='ltr'><strong>tenent</strong></span> <span class='ocrx_word' id='word_1_113' title='bbox 777 2019 913 2077; x_wconf 60' lang='lat' dir='ltr'><strong>lectorem</strong></span> <span class='ocrx_word' id='word_1_114' title='bbox 972 2075 977 2085; x_wconf 91' lang='lat'>.</span> 
     </span>
     <span class='ocr_line' id='line_1_24' title="bbox 109 2086 912 2153; baseline -0.007 -15"><span class='ocrx_word' id='word_1_115' title='bbox 109 2089 210 2140; x_wconf 88' lang='lat' dir='ltr'><strong>habent</strong></span> <span class='ocrx_word' id='word_1_116' title='bbox 228 2091 300 2140; x_wconf 89' lang='lat' dir='ltr'><strong>enim</strong></span> <span class='ocrx_word' id='word_1_117' title='bbox 318 2105 452 2141; x_wconf 87' lang='lat' dir='ltr'><strong>novarum</strong></span> <span class='ocrx_word' id='word_1_118' title='bbox 470 2104 562 2139; x_wconf 90' lang='lat' dir='ltr'><strong>rerum</strong></span> <span class='ocrx_word' id='word_1_119' title='bbox 579 2090 672 2139; x_wconf 80' lang='lat' dir='ltr'><strong>varias</strong></span> <span class='ocrx_word' id='word_1_120' title='bbox 689 2086 912 2153; x_wconf 63' lang='lat' dir='ltr'><strong>expectationem</strong></span> 
     </span>
     <span class='ocr_line' id='line_1_25' title="bbox 107 2153 912 2222; baseline -0.015 -11"><span class='ocrx_word' id='word_1_121' title='bbox 107 2158 328 2222; x_wconf 67' lang='lat' dir='ltr'><strong>poeniaticorunr</strong></span> <span class='ocrx_word' id='word_1_122' title='bbox 337 2172 404 2208; x_wconf 88' lang='lat' dir='ltr'><strong>vero</strong></span> <span class='ocrx_word' id='word_1_123' title='bbox 414 2157 565 2208; x_wconf 89' lang='lat' dir='ltr'><strong>carminum</strong></span> <span class='ocrx_word' id='word_1_124' title='bbox 573 2161 663 2208; x_wconf 83' lang='lat' dir='ltr'><strong>metra</strong></span> <span class='ocrx_word' id='word_1_125' title='bbox 672 2170 704 2205; x_wconf 90' lang='lat' dir='ltr'><strong>ac</strong></span> <span class='ocrx_word' id='word_1_126' title='bbox 712 2153 912 2221; x_wconf 86' lang='lat' dir='ltr'><strong>pedes‚acver·</strong></span> 
     </span>
     <span class='ocr_line' id='line_1_26' title="bbox 107 2221 901 2290; baseline -0.009 -17"><span class='ocrx_word' id='word_1_127' title='bbox 107 2225 205 2273; x_wconf 89' lang='lat' dir='ltr'><strong>borum</strong></span> <span class='ocrx_word' id='word_1_128' title='bbox 215 2223 329 2289; x_wconf 80' lang='lat' dir='ltr'><strong>elegans</strong></span> <span class='ocrx_word' id='word_1_129' title='bbox 339 2224 487 2290; x_wconf 91' lang='lat' dir='ltr'><strong>dispositio</strong></span> <span class='ocrx_word' id='word_1_130' title='bbox 497 2223 729 2274; x_wconf 85' lang='lat' dir='ltr'><strong>etsententiarum</strong></span> <span class='ocrx_word' id='word_1_131' title='bbox 737 2221 901 2284; x_wconf 84' lang='lat' dir='ltr'><strong>interperso</strong></span> 
     </span>
     <span class='ocr_line' id='line_1_27' title="bbox 109 2282 912 2357; baseline -0.007 -18"><span class='ocrx_word' id='word_1_132' title='bbox 109 2306 157 2339; x_wconf 87' lang='lat' dir='ltr'><strong>nas</strong></span> <span class='ocrx_word' id='word_1_133' title='bbox 171 2290 330 2352; x_wconf 88' lang='lat' dir='ltr'><strong>distinctas,</strong></span> <span class='ocrx_word' id='word_1_134' title='bbox 344 2297 373 2340; x_wconf 88' lang='lat' dir='ltr'><strong>et</strong></span> <span class='ocrx_word' id='word_1_135' title='bbox 381 2306 509 2341; x_wconf 88' lang='lat' dir='ltr'><strong>versuum</strong></span> <span class='ocrx_word' id='word_1_136' title='bbox 522 2290 717 2357; x_wconf 86' lang='lat' dir='ltr'><strong>pronunciatio</strong></span> <span class='ocrx_word' id='word_1_137' title='bbox 729 2282 912 2355; x_wconf 89' lang='lat' dir='ltr'><strong>prolectando</strong></span> 
     </span>
     <span class='ocr_line' id='line_1_28' title="bbox 109 2355 912 2425; baseline -0.01 -19"><span class='ocrx_word' id='word_1_138' title='bbox 109 2372 207 2407; x_wconf 88' lang='lat' dir='ltr'><strong>sensus</strong></span> <span class='ocrx_word' id='word_1_139' title='bbox 222 2357 374 2424; x_wconf 86' lang='lat' dir='ltr'><strong>legentium</strong></span> <span class='ocrx_word' id='word_1_140' title='bbox 388 2358 516 2425; x_wconf 90' lang='lat' dir='ltr'><strong>perducit</strong></span> <span class='ocrx_word' id='word_1_141' title='bbox 530 2359 590 2408; x_wconf 92' lang='lat' dir='ltr'><strong>sine</strong></span> <span class='ocrx_word' id='word_1_142' title='bbox 605 2355 713 2408; x_wconf 85' lang='lat' dir='ltr'><strong>offensa</strong></span> <span class='ocrx_word' id='word_1_143' title='bbox 726 2356 762 2405; x_wconf 88' lang='lat' dir='ltr'><strong>ad</strong></span> <span class='ocrx_word' id='word_1_144' title='bbox 779 2365 912 2405; x_wconf 89' lang='lat' dir='ltr'><strong>summam</strong></span> 
     </span>
     <span class='ocr_line' id='line_1_29' title="bbox 109 2417 913 2490; baseline -0.007 -17"><span class='ocrx_word' id='word_1_145' title='bbox 109 2425 275 2490; x_wconf 82' lang='lat' dir='ltr'><strong>scriptorum</strong></span> <span class='ocrx_word' id='word_1_146' title='bbox 290 2426 522 2477; x_wconf 86' lang='lat' dir='ltr'><strong>terminationem.</strong></span> <span class='ocrx_word' id='word_1_147' title='bbox 558 2427 583 2476; x_wconf 76' lang='lat'><strong>2.</strong></span> <span class='ocrx_word' id='word_1_148' title='bbox 600 2424 632 2475; x_wconf 93' lang='lat' dir='ltr'><strong>ld</strong></span> <span class='ocrx_word' id='word_1_149' title='bbox 647 2430 738 2475; x_wconf 87' lang='lat' dir='ltr'><strong>autem</strong></span> <span class='ocrx_word' id='word_1_150' title='bbox 752 2423 781 2473; x_wconf 90' lang='lat' dir='ltr'><strong>iu</strong></span> <span class='ocrx_word' id='word_1_151' title='bbox 795 2417 913 2471; x_wconf 87' lang='lat' dir='ltr'><strong>archite-</strong></span> 
     </span>
     <span class='ocr_line' id='line_1_30' title="bbox 110 2486 912 2558; baseline -0.009 -17"><span class='ocrx_word' id='word_1_152' title='bbox 110 2498 204 2542; x_wconf 88' lang='lat' dir='ltr'><strong>cturae</strong></span> <span class='ocrx_word' id='word_1_153' title='bbox 215 2493 528 2558; x_wconf 87' lang='lat' dir='ltr'><strong>conscriptionibusnon</strong></span> <span class='ocrx_word' id='word_1_154' title='bbox 534 2491 703 2558; x_wconf 86' lang='lat' dir='ltr'><strong>potestfieri‚</strong></span> <span class='ocrx_word' id='word_1_155' title='bbox 714 2486 912 2556; x_wconf 83' lang='lat' dir='ltr'><strong>quodvocabu-</strong></span> 
     </span>
     <span class='ocr_line' id='line_1_31' title="bbox 110 2557 912 2626; baseline -0.011 -18"><span class='ocrx_word' id='word_1_156' title='bbox 110 2559 136 2607; x_wconf 84' lang='lat' dir='ltr'><strong>la</strong></span> <span class='ocrx_word' id='word_1_157' title='bbox 151 2575 186 2611; x_wconf 86' lang='lat' dir='ltr'><strong>cx</strong></span> <span class='ocrx_word' id='word_1_158' title='bbox 200 2561 268 2610; x_wconf 86' lang='lat' dir='ltr'><strong>artis</strong></span> <span class='ocrx_word' id='word_1_159' title='bbox 282 2562 396 2626; x_wconf 91' lang='lat' dir='ltr'><strong>propria</strong></span> <span class='ocrx_word' id='word_1_160' title='bbox 409 2561 577 2612; x_wconf 89' lang='lat' dir='ltr'><strong>necessitate</strong></span> <span class='ocrx_word' id='word_1_161' title='bbox 596 2565 732 2624; x_wconf 88' lang='lat' dir='ltr'><strong>concepta</strong></span> <span class='ocrx_word' id='word_1_162' title='bbox 745 2557 912 2608; x_wconf 87' lang='lat' dir='ltr'><strong>inconsueto</strong></span> 
     </span>
     <span class='ocr_line' id='line_1_32' title="bbox 110 2621 913 2698; baseline -0.006 -24"><span class='ocrx_word' id='word_1_163' title='bbox 110 2640 238 2678; x_wconf 81' lang='lat' dir='ltr'><strong>sermone</strong></span> <span class='ocrx_word' id='word_1_164' title='bbox 271 2628 406 2679; x_wconf 91' lang='lat' dir='ltr'><strong>obiiciunt</strong></span> <span class='ocrx_word' id='word_1_165' title='bbox 437 2627 565 2678; x_wconf 91' lang='lat' dir='ltr'><strong>sensibus</strong></span> <span class='ocrx_word' id='word_1_166' title='bbox 598 2626 806 2677; x_wconf 88' lang='lat' dir='ltr'><strong>obscuritatem.</strong></span> <span class='ocrx_word' id='word_1_167' title='bbox 830 2621 913 2698; x_wconf 70' lang='lat' dir='ltr'><strong>¹(lum</strong></span> 
     </span>
     <span class='ocr_line' id='line_1_33' title="bbox 110 2697 912 2761; baseline -0.002 -20"><span class='ocrx_word' id='word_1_168' title='bbox 110 2708 144 2742; x_wconf 88' lang='lat' dir='ltr'><strong>ea</strong></span> <span class='ocrx_word' id='word_1_169' title='bbox 159 2708 227 2760; x_wconf 84' lang='lat' dir='ltr'><strong>ergo</strong></span> <span class='ocrx_word' id='word_1_170' title='bbox 239 2711 289 2761; x_wconf 87' lang='lat' dir='ltr'><strong>per</strong></span> <span class='ocrx_word' id='word_1_171' title='bbox 299 2711 329 2745; x_wconf 89' lang='lat' dir='ltr'><strong>se</strong></span> <span class='ocrx_word' id='word_1_172' title='bbox 340 2710 395 2744; x_wconf 94' lang='lat' dir='ltr'><strong>non</strong></span> <span class='ocrx_word' id='word_1_173' title='bbox 406 2697 462 2744; x_wconf 84' lang='lat' dir='ltr'><strong>sint</strong></span> <span class='ocrx_word' id='word_1_174' title='bbox 472 2700 580 2760; x_wconf 85' lang='lat' dir='ltr'><strong>aperta,</strong></span> <span class='ocrx_word' id='word_1_175' title='bbox 593 2707 645 2744; x_wconf 90' lang='lat' dir='ltr'><strong>nec</strong></span> <span class='ocrx_word' id='word_1_176' title='bbox 654 2697 767 2761; x_wconf 80' lang='lat' dir='ltr'><strong>pateant</strong></span> <span class='ocrx_word' id='word_1_177' title='bbox 778 2703 874 2743; x_wconf 86' lang='lat' dir='ltr'><strong>eorum</strong></span> <span class='ocrx_word' id='word_1_178' title='bbox 884 2701 912 2736; x_wconf 81' lang='lat' dir='ltr'><strong>m</strong></span> 
     </span>
    </p>
   </div>
   <div class='ocr_carea' id='block_1_8' title="bbox 0 0 1032 3090">
    <p class='ocr_par' dir='ltr' id='par_1_10' title="bbox 0 0 1032 3090">
     <span class='ocr_line' id='line_1_34' title="bbox 0 0 1032 3090; baseline 0 0"><span class='ocrx_word' id='word_1_179' title='bbox 0 0 1032 3090; x_wconf 95' lang='lat' dir='ltr'><strong> </strong></span> 
     </span>
    </p>
   </div>
  </div>
 </body>
</html>
