2054 3090
279 217 405 270 LlBER
421 218 503 271 Vlll.
532 219 618 270 CAP.
639 219 657 270 l.
823 217 869 270 lor

68 325 188 382 stantes,
203 325 234 370 ut
244 320 317 370 radii
327 320 396 370 solis
407 334 462 370 non
477 320 575 371 directi
590 320 755 386 perveniant
768 319 804 370 ad
816 325 871 370 ter-

68 401 142 449 ram,
165 402 218 438 nec
235 389 346 454 possint
362 385 493 438 humores
515 401 642 438 exurere.
677 388 703 437 i.
721 386 872 438 lnterralla

69 469 181 521 quoque
195 455 330 505 montium
343 455 462 505 maxime
474 455 613 522 recipiunt
625 454 743 516 imbres,
763 459 792 505 et
807 468 871 520 pro·

68 528 132 589 pter
146 521 278 572 silvarum
293 521 470 573 crebritatem
484 521 565 573 nivcs'
576 521 616 571 ibi
627 521 661 572 ab
672 521 776 572 umbris
791 521 871 570 arbo·

69 603 130 639 rum
140 594 169 639 et
178 589 312 639 montium
323 589 427 641 diutius
439 595 649 640 conservantur:
670 588 771 639 deinde
782 587 870 654 liqua-

69 661 116 706 tae
128 670 180 722 per
193 662 285 707 terrae
297 671 383 707 venas
397 655 589 722 percolantur,
610 661 639 706 et
651 656 692 707 ita
704 656 871 722 perveniunt

71 722 106 773 ad
119 722 229 772 intimas
243 724 377 774 montium
392 723 515 787 radicem
536 737 572 774 ex
586 723 685 790 quibus
698 721 870 790 profluentes

69 788 190 841 fontium
199 795 345 857 erumpunt
353 790 458 842 ructus.
493 789 670 856 Campestres
681 796 774 841 autem
784 790 841 841 loci
854 803 869 838 e

70 857 212 908 contrario
227 871 282 908 non
300 863 418 924 possunt
431 855 534 908 habere
553 857 663 974 copias,
686 863 715 908 et
734 871 870 925 quaecun-

70 938 124 990 que
135 929 211 986 sunt,
220 939 275 974 non
284 928 403 991 possunt
412 922 515 975 habere
525 923 587 974 salu
605 924 731 986 ritatem,
742 923 816 991 quod
827 937 871 973 so·

69 991 106 1040 lis
126 989 276 1042 vehemens
299 992 420 1058 impetus
441 995 557 1059 propter
580 991 684 1042 nullam
703 989 871 1042 obstantiam
967 1023 969 1026 .

70 1057 229 1109 umbrarum
251 1059 335 1125 eripit
357 1055 547 1110 exhauriendo
565 1056 677 1108 fervens
699 1071 734 1108 ex
755 1056 872 1124 planitie

71 1139 231 1190 camporum
241 1123 396 1189 humorem3
413 1131 441 1176 et
450 1125 476 1176 si
485 1137 556 1204 puae
566 1123 607 1174 ibi
617 1130 682 1175 sunt
691 1138 779 1191 aquae
790 1137 870 1190 appa·

69 1198 179 1254 rentes,
193 1206 228 1243 ox
237 1190 294 1256 bis,
304 1192 380 1259 quod
391 1191 614 1244 estlerrssimum
623 1190 871 1256 tenuissimumque

71 1264 100 1309 et
114 1258 211 1310 subtili
223 1258 403 1322 salubritate,
419 1261 467 1309 air
476 1272 597 1308 avocans
613 1256 773 1324 dissipatio
787 1257 871 1323 impe-

70 1331 129 1376 tum
143 1326 230 1389 coeli,
245 1341 372 1394 quaeque
386 1325 568 1408 gravissimae
583 1324 724 1391 duraeque
739 1330 768 1376 et
780 1325 871 1376 insua-

71 1407 120 1443 ves
131 1397 196 1443 sunt
204 1401 311 1459 partes,
328 1408 378 1445 eae
393 1409 422 1445 m
435 1392 560 1445 fontibus
575 1392 777 1459 campestribus
787 1391 871 1443 relin-

70 1467 199 1525 quuntur.

372 1561 507 1614 CAPUT
533 1560 571 1614 ll.

311 1642 358 1695 Ds
375 1660 459 1712 aqua
474 1644 634 1697 imbrium.

121 1727 163 1776 lta
182 1741 218 1777 ue
228 1739 299 1793 quae
309 1738 344 1775 ex
351 1725 485 1778 imbribus
499 1742 516 1778 a
534 1743 572 1779 ua
580 1728 725 1796 colligitur
738 1723 874 1776 salubrio-

70 1808 117 1843 res
133 1742 219 1842 balret
231 1793 363 1851 virtutes,
383 1789 431 1857 [eo
467 1743 542 1860 quel
560 1795 675 1862 eligitur
692 1807 727 1844 ex
746 1790 873 1843 omnibus

71 1857 199 1910 lontibus
209 1856 359 1908 levissimis
370 1857 573 1927 subtilibusque
586 1858 782 1921 tenuitatibus3
798 1856 873 1907 dein-

73 1927 108 1977 de
127 1938 178 1991 per
193 1924 266 1974 aeris
285 1923 515 1975 exercitationem
535 1927 680 1993 percolata
703 1923 873 1990 tempestati-

72 1993 125 2042 bus
137 1989 319 2057 liquescendo
329 1991 501 2055 pervenitad
513 1997 626 2044 terram.
661 1993 807 2056 Etiamque
817 2002 873 2039 non

74 2058 211 2111 crebriter
224 2059 253 2108 in
268 2056 372 2122 campis
386 2056 529 2109 confluunt
541 2059 658 2122 imbres,
672 2057 764 2109 sedin
775 2055 873 2106 monti-

73 2126 126 2176 bus
141 2130 190 2176 aut
204 2125 239 2174 ad
249 2125 326 2190 ipsos
336 2128 459 2187 montes,
473 2124 538 2176 ideo
550 2126 625 2193 quod
635 2124 766 2176 humores
776 2127 875 2174 exter-

74 2206 108 2242 ra
125 2192 261 2242 matutino
280 2188 350 2241 solis
371 2195 435 2241 ortu
453 2193 523 2242 moti
542 2207 603 2243 cum
622 2199 688 2244 sunt
706 2190 828 2258 egressi,
846 2188 874 2236 in

76 2272 267 2325 quamcunque
280 2262 388 2324 partem
406 2258 478 2307 coeli
497 2264 563 2310 sunt
579 2259 742 2326 proclinati,
762 2255 877 2308 trudunt

76 2329 154 2384 aera,
166 2324 266 2375 deinde
277 2339 338 2374 cum
348 2329 413 2375 sunt
422 2325 504 2388 moti,
519 2331 635 2392 propter
643 2326 810 2388 vacuitatem
820 2320 876 2372 loci

75 2398 141 2459 post
151 2405 182 2441 se
192 2391 332 2457 recipiunt
341 2390 414 2440 aeris
423 2397 536 2443 ruentes
545 2392 643 2444 undas.
677 2394 703 2443 2⁴.
720 2393 877 2442 Atrautem

76 2459 124 2525 qui
136 2458 193 2509 ruit
205 2457 319 2510 trudens
333 2471 498 2525 quocunque
512 2457 655 2510 humorem
664 2458 784 2526 per-vim
798 2454 877 2522 spiri-

76 2532 123 2575 tus
138 2530 167 2575 et
179 2524 299 2591 impetus
313 2529 342 2574 et
357 2524 444 2576 undas
458 2530 618 2577 crescentes
636 2525 706 2577 iacit
722 2529 876 2575 ventorum.

77 2591 205 2642 Aventis
225 2597 317 2642 autem
338 2605 505 2658 quocunque
519 2592 647 2644 feruntur
666 2590 797 2643 humores
814 2603 877 2639 con·

78 2657 187 2776 {lebeti
203 2671 239 2710 ex
248 2657 373 2709 lontibus
384 2664 413 2709 et
426 2657 585 2711 fluminibus
596 2664 625 2710 et
637 2658 784 2727 paludibus
795 2662 877 2723 etpe-

93 2737 161 2792 agn,
177 2739 238 2776 cum
247 2730 346 2791 tepore
357 2725 427 2778 solis
437 2727 623 2794 colliguntur,
639 2724 839 2779 exhauriuntur
851 2727 879 2772 et
