2054 3090
342 188 466 242 LIBER
483 191 511 240 ll
550 191 632 242 CAP.
651 190 685 243 V.
882 187 915 240 8¹!

106 291 194 344 calcis
211 289 429 357 confundantur3
448 293 472 344 si
487 299 578 344 autem
589 292 729 343 fluviatica
740 295 788 340 aut
801 289 916 350 marina,

107 359 181 411 duae
199 373 304 410 menae
321 359 350 409 in
367 375 449 410 unam
468 361 553 410 calcis
571 359 766 410 coniiciantur:
785 358 826 406 ita
843 357 915 406 enim

107 426 162 478 erit
181 426 259 479 iusta
275 427 349 478 ratio
368 428 511 479 mixtionis
529 433 742 493 temperaturae.
778 423 870 474 Etiam
887 424 915 472 in

109 493 254 545 fluviatica
267 500 316 545 aut
329 495 435 544 marina
446 495 470 543 si
480 495 541 561 quis
552 500 652 544 testam
663 501 752 544 tusam
764 498 793 541 et
805 504 915 541 succre-

108 570 167 612 tam
177 575 214 612 ex
221 561 307 612 tertia
315 569 394 628 parte
406 561 549 623 adiecerit,
557 560 799 611 efficietmateriae
810 564 902 623 tempe

109 635 233 680 naturam
247 627 283 678 ad
296 644 375 679 usum
389 628 541 679 meliorem.
578 630 602 678 2.
623 628 715 688 Quare
730 633 833 688 autem,
853 641 914 676 cum

109 695 212 762 recipit
225 710 324 812 apuam
339 701 368 746 et
381 710 492 745 arenam
507 695 581 757 calx,
600 701 666 745 tunc
681 696 827 745 confirmat
844 701 915 744 stru·

111 770 232 826 duram,
266 777 316 813 aec
330 777 392 813 esse
407 777 492 814 causa
504 763 625 825 videtur,
640 763 744 829 quode
761 762 914 828 principiis,
969 766 970 773 ’

110 831 153 881 uti
169 836 267 881 cetera
285 844 416 896 corpora,
434 831 517 880 itaet
535 845 603 881 saxa
620 837 685 880 nunt
701 836 868 897 temperata,
887 833 915 877 et

111 912 183 965 quae
193 897 256 963 plus
267 894 370 948 habeut
379 898 461 960 aeris,
473 902 537 949 sunt
545 904 652 960 tenera,
664 912 734 963 quae
745 910 846 963 aquae,
858 895 914 944 len-

113 972 141 1016 ta
154 970 220 1016 sunt
233 963 267 1014 ab
285 962 413 1027 humore,
432 980 503 1031 quae
520 970 625 1026 terrae,
644 965 725 1026 dura,
745 979 815 1030 quae
830 962 913 1028 ignis,

111 1031 268 1100 fragiliora.
304 1031 400 1098 ltaque
414 1047 450 1083 ex
463 1030 506 1082 his
517 1046 585 1082 saxa
594 1033 627 1094 si,
639 1038 784 1097 antequam
796 1043 909 1094 eoquanv

112 1106 171 1162 tur,
185 1104 304 1150 contusa
311 1099 416 1150 minute
426 1100 566 1165 mixtaque
578 1114 678 1150 arenae
690 1098 873 1148 coniiciantur
887 1095 914 1143 in

112 1172 293 1228 structuram,
307 1181 362 1217 non
374 1166 559 1227 solidescunt,
573 1180 695 1216 neceam
707 1168 838 1229 poterunt
851 1176 915 1211 con-

112 1235 216 1286 tinere:
236 1249 297 1284 cum
312 1248 379 1284 vero
398 1234 527 1285 coniecta
542 1233 571 1282 in
584 1232 727 1283 fornacem
744 1230 816 1297 ignis
833 1227 916 1278 rehe-

112 1300 201 1353 menti
207 1299 319 1352 fervore
326 1308 456 1368 correpta
464 1300 608 1351 amiserint
621 1299 755 1365 pristinae
765 1296 916 1348 soliditatis

113 1370 258 1430 virtutem,
267 1374 334 1420 tunc
344 1369 449 1420 exustis
460 1374 543 1434 atque
554 1366 696 1419 exhaustis
707 1381 802 1417 eorum
812 1364 917 1414 riribus

113 1435 474 1503 relinquunturpatentibus
484 1435 667 1486 foraminibus
676 1434 849 1487 etinanibus.
868 1432 917 1481 Er·

114 1519 151 1572 go
163 1503 258 1571 liquor
272 1505 319 1570 qui
333 1504 420 1555 estin
434 1504 493 1554 eius
508 1503 608 1570 lapidis
623 1517 740 1569 corpore
755 1507 784 1552 et
797 1505 845 1551 ae'r
856 1515 918 1550 cum

115 1577 231 1624 exustus
241 1576 270 1621 et
280 1577 393 1638 ereptus
404 1570 498 1634 fuerit,
507 1569 689 1640 habueritque
699 1571 727 1620 in
736 1585 766 1621 se
775 1569 917 1620 residuum

116 1639 251 1702 calorem,
266 1639 412 1701 latentem,
426 1639 585 1705 priusquam
601 1636 709 1705 erigni
722 1638 775 1688 vim
790 1637 917 1701 recipiat,

115 1707 249 1758 intinctus
267 1707 296 1756 in
311 1721 395 1774 aqua,
413 1712 442 1756 et
455 1704 570 1756 humore
584 1712 746 1772 penetrante
760 1706 788 1755 in
806 1703 918 1754 forami-

116 1789 179 1825 num
188 1773 320 1826 raritates
331 1772 530 1836 confervescit,
546 1780 574 1823 et
583 1774 623 1824 ita
633 1772 815 1839 refrigeratus
826 1771 920 1820 reiicit

116 1856 151 1892 cx
160 1841 246 1892 calcis
257 1855 375 1907 corpore
385 1839 534 1892 fervorem.
562 1841 586 1891 3.
605 1841 671 1891 ldeo
684 1845 775 1889 autem
786 1854 840 1906 quo
852 1852 919 1903 pon-

117 1909 183 1959 dere
193 1923 263 1959 saxa
272 1909 458 1959 coniiciuntur
466 1909 495 1959 in
505 1906 661 1970 fornacem,
676 1922 737 1958 eum
752 1908 917 1964 eximuntur,

116 1991 171 2027 non
181 1981 300 2042 possunt
309 1975 344 2026 ad
354 1975 384 2025 id
394 1975 577 2042 respondere;
588 1976 638 2027 sed
647 1990 708 2025 cum
717 1973 917 2039 expenduntur,

116 2043 212 2094 eadem
222 2043 412 2110 magnitudine
421 2048 734 2109 permanente,excocto
743 2040 861 2106 liquore,
868 2038 918 2087 cir-

116 2111 187 2161 citer
199 2110 285 2162 tertia
297 2116 376 2177 parte
389 2111 522 2176 ponderis
537 2110 682 2160 imminuta
696 2123 759 2158 esse
776 2106 917 2157 inveniun-

116 2187 169 2229 tur.
203 2179 293 2245 Igitur
306 2184 473 2245 cumpatent
482 2176 620 2227 foramina
631 2191 725 2226 eorum
737 2182 766 2227 et
778 2175 918 2234 raritates,

116 2259 217 2296 arenae
235 2245 399 2296 mixtionem
417 2246 445 2295 in
460 2260 490 2296 se
506 2244 660 2308 corripiunt
674 2244 756 2295 etita
787 2239 918 2294 cohaere-

115 2313 446 2380 scuntuiccescendoque
462 2327 523 2363 cum
538 2312 688 2362 caementis
705 2314 806 2363 coeunt
821 2316 849 2361 et
864 2309 918 2358 effi·

117 2381 193 2432 ciunt
202 2380 593 2432 structurarumsoliditatem.

415 2481 547 2532 CAPUT
573 2479 624 2532 Vl.

320 2563 367 2616 De
381 2567 511 2633 pulvere
531 2563 716 2615 Puteolano.

168 2637 219 2704 list
233 2652 317 2703 etiam
329 2665 416 2717 genus
426 2650 563 2716 pulveris,
578 2648 652 2715 quod
665 2647 749 2697 efficit
759 2643 923 2695 naturaliter

117 2735 161 2772 res
176 2719 362 2771 admirandas.
397 2717 529 2769 Nascitur
541 2718 569 2767 in
583 2715 746 2783 regionibus
765 2712 878 2764 Baianis
895 2716 924 2762 et
