2054 3090
116 111 164 161 140
310 111 366 163 DE
392 113 725 166 aacfllracrusa

114 220 172 276 tur,
184 214 306 264 surrexit
316 220 345 264 et
353 216 479 281 rogando
489 216 662 283 impetrarit,
676 221 708 269 ut
715 220 880 283 paterentur
889 229 921 273 se

115 283 219 332 dicere.
256 282 352 348 ltaque
372 283 485 334 silentio
505 282 581 335 facto
601 285 698 336 docuit
715 300 800 335 unam
819 298 857 335 ex
875 281 920 335 his

114 365 177 399 eum
192 363 254 399 esse
269 354 393 416 poetam,
407 355 517 401 ceteros
532 352 626 402 aliena
638 351 815 415 recitavisse3
835 366 918 418 opor·

112 424 173 467 tere
188 422 280 466 autem
290 417 446 468 iudicantes
457 431 513 468 non
523 417 598 470 furta
608 419 659 470 sed
668 420 773 485 scripta
785 418 918 484 probare.

116 485 275 534 ,tdmirante
294 482 397 548 populo
412 491 441 532 et
450 496 518 549 rege
532 485 690 548 dubitante,
709 486 799 535 tretus
812 500 917 536 memo-

117 552 159 600 ria
178 565 193 600 e
208 551 292 601 certis
307 548 433 600 armariis
446 550 555 602 infinita
568 551 709 602 volumina
720 551 826 614 eduxit,
841 560 871 604 et
885 568 919 603 ea

116 633 178 666 oum
190 619 317 668 recitatis
332 615 502 669 conferendo
517 618 611 686 coegit
624 619 634 668 i
654 633 701 670 sos
715 617 823 669 furatos
836 619 873 670 de
887 635 918 671 se

117 685 254 734 confiteri.
289 685 387 752 ltaque
401 699 453 735 rex
463 685 548 736 iussit
560 701 623 736 eum
635 635 680 736 his
695 686 742 752 agi
755 685 836 747 furti,
852 703 919 737 con-

117 753 316 818 demnatosque
328 767 389 802 cum
402 752 557 818 ignominia
568 752 688 804 dimisit:
702 751 917 819 Aristophanem

114 832 180 868 vero
192 818 370 885 amplissimis
380 820 541 870 muneribus
552 822 671 882 ornavit,
682 825 711 870 et
720 834 804 900 supra
812 821 916 872 biblio-

112 884 223 936 thecam
240 886 393 937 constituit.
430 886 454 936 8.
472 886 686 953 Insequentibus
699 902 778 939 annas
792 902 809 937 a
821 887 916 939 Mace-

114 953 198 1004 donia
216 953 325 1016 Zoilus,
345 954 392 1019 qui
411 954 555 1019 adoptarit
574 968 745 1021 cognomen,
764 960 795 1006 ut
809 954 915 1006 Home-

113 1022 249 1072 romastix
275 1021 459 1082 vocitaretur,
488 1021 682 1072 Alexandriam
708 1023 785 1072 venit
806 1037 915 1090 suaque

115 1089 219 1154 scripta
232 1093 330 1138 contra
344 1086 457 1138 iliadem
473 1095 501 1140 et
511 1089 666 1156 Odysseam
681 1093 843 1155 comparata
854 1088 917 1156 regi

115 1156 253 1207 recitavit.
289 1153 468 1206 Ptolemaeus
492 1171 559 1206 vero
583 1171 645 1206 oum
673 1155 918 1206 animadvertisset

115 1226 261 1291 poetarum
270 1228 413 1286 parentem
423 1221 650 1290 philologiaeque
662 1223 750 1274 omnis
761 1223 860 1275 ducem
870 1222 916 1274 ab·

115 1295 223 1340 sentem
235 1289 346 1350 vexari,
361 1295 390 1338 et
403 1291 481 1341 ouius
496 1290 530 1342 ab
545 1291 652 1342 cunctis
666 1290 796 1358 gentibus
812 1291 917 1358 scripta

114 1356 330 1421 suspicerentur,
340 1355 375 1405 ab
386 1370 420 1406 eo
431 1358 592 1424 vituperari,
603 1358 763 1425 indignatus
772 1359 879 1409 nullum
890 1363 915 1408 ei

116 1423 194 1474 dedit
207 1436 380 1487 responsum.
417 1424 511 1475 Zoilus
524 1432 618 1476 sutem
635 1440 697 1476 cum
712 1425 816 1476 diutius
831 1425 859 1476 in
873 1440 916 1476 re·

116 1505 172 1558 gno
186 1488 299 1549 fuisset,
318 1489 414 1554 inopia
428 1506 543 1556 pressus
558 1493 697 1545 summisit
708 1493 744 1543 ad
757 1506 854 1560 regem
868 1507 915 1559 po·

114 1559 221 1610 stulans
234 1562 266 1607 ut
275 1557 380 1623 aliquid
395 1558 448 1608 sibi
462 1559 642 1611 tribueretur.
676 1559 701 1610 9.
720 1559 781 1611 Rex
794 1574 862 1611 vero
873 1574 915 1610 re-

113 1626 260 1693 spondisse
280 1625 393 1686 dicitur,
414 1626 579 1690 Homerum,
600 1628 646 1696 qui
659 1633 724 1678 ante
738 1642 825 1678 annos
838 1628 915 1678 mille

113 1694 296 1756 decessisset,
321 1707 389 1744 aevo
409 1701 544 1760 perpetuo
564 1695 651 1746 multa
667 1695 756 1745 millia
774 1692 916 1746 hominum

114 1777 242 1829 pascere:
260 1762 327 1812 item
339 1761 441 1812 debere
452 1763 499 1828 qui
512 1763 623 1813 meliori
632 1762 746 1828 ingenio
761 1775 791 1812 se
801 1762 914 1827 profite-

113 1835 191 1881 retur
200 1845 256 1880 non
265 1830 349 1880 modo
360 1843 390 1879 se
400 1846 483 1880 unum
497 1828 549 1880 sed
559 1830 642 1881 etiam
652 1831 746 1896 plures
761 1830 836 1879 alere
851 1844 914 1895 pos-

114 1913 153 1949 se.
189 1897 226 1948 Et
239 1897 275 1948 ad
285 1912 417 1948 summam
432 1911 507 1948 mors
522 1897 583 1948 eius
593 1902 624 1947 ut
633 1897 778 1963 parricidii
791 1896 913 1948 damnati

114 1967 189 2016 varie
204 1970 386 2015 memoratur:
406 1965 454 2014 alii
469 1964 543 2015 enim
557 1965 731 2029 scripserunt
743 1979 760 2013 a
774 1962 913 2014 Philadel-

114 2031 167 2098 pho
182 2047 246 2083 esso
259 2034 288 2081 in
302 2046 412 2083 crucem
426 2032 521 2094 fixum3
541 2032 668 2082 nonnulli
682 2029 742 2080 Chii
756 2031 785 2080 in
799 2046 862 2081 eum
876 2031 914 2081 la·

112 2101 192 2164 pides
207 2113 270 2149 esse
281 2099 438 2162 coniectos3
458 2099 507 2149 alii
517 2099 653 2166 Smyrnae
666 2099 759 2148 vivum
774 2098 802 2147 in
816 2113 913 2164 pyram

113 2180 176 2217 esse
196 2165 362 2216 coniectum.
399 2166 523 2226 Quorum
541 2174 633 2217 utrum
647 2166 672 2216 ei
691 2165 839 2227 acciderit,
858 2179 914 2215 me·

112 2234 184 2284 renti
196 2233 280 2299 digna
290 2232 419 2283 constitit
427 2248 529 2300 poena:
549 2249 605 2285 non
620 2234 693 2284 enim
708 2233 791 2283 aliter
803 2233 915 2285 videtur

111 2300 280 2366 promereri,
299 2300 345 2366 qui
360 2300 504 2363 citatem,
525 2316 640 2368 quorum
654 2315 833 2368 responsum,
848 2300 915 2368 quid

110 2370 252 2421 senserint
260 2367 424 2431 scribentes,
435 2383 491 2418 non
501 2375 595 2434 potest
605 2384 699 2420 coram
707 2367 836 2419 indicari.
874 2369 914 2418 1⁰.

112 2434 172 2503 Ego
186 2450 269 2497 vero,
283 2435 400 2500 Cacsar,
420 2451 508 2502 neque
524 2437 624 2487 alienis
637 2435 775 2487 indicibus
789 2434 914 2498 mutatis,

109 2502 278 2575 interposito
297 2507 409 2556 nomine
427 2521 490 2556 meo
509 2506 539 2556 id
553 2504 667 2571 profero
687 2519 802 2571 corpus,
822 2519 914 2573 nequo

109 2571 194 2626 ullius
214 2573 340 2640 cogitata
358 2575 517 2638 vituperans
535 2573 643 2623 institui
659 2588 693 2623 ex
708 2588 742 2623 eo
756 2587 800 2623 me
814 2587 914 2638 appro-

109 2633 189 2692 bare:
205 2642 254 2692 sed
267 2641 394 2692 omnibus
404 2641 588 2706 scriptoribus
599 2641 723 2700 infinitas
732 2655 786 2706 ago
796 2641 913 2707 gratias,
