2054 3090
296 172 425 228 LIBER
446 174 467 228 1.
480 202 482 207 .
496 173 580 228 ΟΑΡ.
600 177 623 226 l.
848 170 863 220 t

62 276 202 397 &aare
217 291 298 345 quam
308 293 424 330 necesse
432 284 477 330 est
485 277 638 331 studiosius
648 276 775 339 novisse,
790 275 865 344 quod

117 345 865 413 etmultasetvariasnaturalesquaestiones,utetiam

61 414 90 465 in
104 428 122 464 a
140 428 238 465 uarum
254 413 445 465 ductionibus:
463 415 492 465 in
506 413 634 465 cursibus
644 413 717 464 enirn
728 407 865 465 et‘circui-

62 481 133 532 tioni
155 497 188 533 us
197 480 865 548 etlibrataplanitieexpressionibusspiritusna·

62 548 169 600 turales
180 548 264 599 aliter
274 555 356 615 atque
363 548 444 600 aliter
452 549 529 612 hunt,
538 563 654 616 quorum
662 546 865 599 offensionibus

62 616 169 667 mederi
184 629 265 666 nemo
275 617 393 682 poterit,
409 617 464 668 nisi
474 617 522 684 qul
532 631 567 668 ex
576 613 756 682 philosophia
765 615 866 681 princi-

62 684 109 750 pia
118 698 212 734 rerum
222 689 338 735 naturae
349 685 467 736 noverit.
494 684 563 736 item
574 684 621 751 qui
632 683 750 735 Ctesibii
762 688 810 733 aut
818 684 866 732 Ar·

64 750 201 802 chimedis
214 750 303 803 libros
319 757 348 803 et
363 757 535 815 ceterorum,
551 752 598 818 qui
614 751 738 802 eiusdem
755 750 867 818 generis

62 823 215 886 praecepta
224 819 463 884 conscripserunt,
472 820 562 888 leget,
573 819 678 871 sentire
687 833 743 869 non
752 818 866 884 poterit,

63 884 174 938 nisibis
184 885 267 937 rebus
280 885 480 954 aphilosophis
490 886 577 938 luerit
587 887 740 938 institutus.
767 886 791 936 8.
806 885 867 935 Mu-

63 956 143 1005 sicen
151 958 244 1004 autem
254 955 326 1005 sciat
336 960 456 1019 oportet,
467 955 509 1006 uti
520 954 683 1005 canonicam
691 953 830 1004 rationem
839 958 868 1003 et

63 1019 288 1073 mathematicam
300 1019 516 1074 notamhabeat:
535 1028 681 1087 praeterea
689 1019 867 1082 balistarum,

64 1088 281 1155 catapultarum,
292 1090 469 1155 scorpionum
479 1094 680 1154 temperaturas
691 1087 781 1154 possit
790 1093 867 1138 recte

64 1157 169 1207 facere.
205 1156 234 1206 ln
246 1156 377 1222 capitulis
389 1156 461 1207 enim
472 1156 571 1207 dextra
581 1171 612 1206 aa
624 1155 738 1206 sinistra
747 1161 812 1206 sunt
825 1153 868 1203 io·

63 1222 869 1290 raminahemitoniorum,perquaetendunturergatisaut

63 1291 171 1342 suculis
181 1297 210 1342 et
218 1290 345 1342 vectibus
356 1305 372 1342 e
382 1305 468 1342 nervo
478 1291 547 1341 torti
556 1289 651 1352 funos,
667 1290 715 1358 qui
725 1304 780 1340 non
789 1303 868 1356 prae-

55 1358 214 1427 ¹cluduntur
224 1373 275 1409 nec
289 1359 492 1426 praeligantur,
508 1357 562 1408 nisi
576 1358 685 1409 sonitus
701 1357 736 1408 ad
751 1357 867 1408 artificis

65 1440 148 1478 aures
169 1431 262 1476 certos
281 1432 311 1477 et
329 1426 461 1494 aequales
481 1425 609 1477 fecerint.
644 1422 766 1477 Brachia
784 1426 868 1488 enirn,

64 1507 136 1561 quae
144 1493 175 1545 in
184 1508 232 1544 eas
242 1494 386 1546 tensiones
396 1492 588 1556 includuntur,
599 1508 660 1544 cum
671 1493 867 1555 extenduntur,

65 1560 223 1628 aequaliter
242 1567 271 1611 et
288 1561 395 1627 pariter
412 1567 531 1629 utraque
549 1561 661 1629 plagam
677 1561 805 1612 emittere
821 1561 867 1610 de-

64 1628 146 1679 bent..
177 1627 259 1689 Quod
269 1629 292 1679 si
304 1643 358 1680 non
367 1628 521 1681 homotona
529 1628 648 1691 ineunt,
662 1629 817 1695 impedient
827 1628 867 1678 di-

26 1727 30 1736 ·
64 1701 170 1747 rectam
181 1695 301 1747 telorum
312 1698 483 1749 missionem.
515 1695 540 1748 9.
554 1695 624 1748 ltem
633 1696 662 1746 in
672 1695 789 1748 theatris
800 1711 867 1746 vasa

65 1777 162 1826 aerea,
177 1778 248 1830 quae
259 1763 361 1816 Graeci
369 1761 440 1830 ἦχεῐα
454 1770 569 1825 vocant,
582 1765 612 1815 in
623 1764 702 1815 cellis
714 1763 765 1814 sub
775 1763 866 1831 gradi-

63 1830 116 1882 bus
136 1831 323 1895 collocantur,
341 1839 371 1884 et
386 1830 582 1884 mathematica
596 1832 706 1882 ratione
726 1832 865 1881 sonituum

64 1897 228 1949 discrimina
246 1899 281 1950 ad
300 1899 480 1966 symphonias
498 1900 619 1951 musicas
638 1899 697 1950 sive
714 1904 865 1949 concentus

65 1972 269 2031 componuntur
285 1966 376 2017 divisa
395 1968 578 2018 circinatione
594 1967 622 2016 in
643 1965 819 2016 diatessaron
837 1972 866 2015 et

64 2033 196 2100 diapenta
211 2039 240 2084 et
249 2034 396 2099 diapason3
416 2035 457 2085 uti
465 2049 521 2085 vox
531 2032 634 2085 scenici
647 2033 756 2084 sonitus
767 2046 864 2082 conve-

64 2101 145 2152 niens
154 2101 184 2151 in
194 2100 441 2167 dispositionibus,
452 2107 530 2153 tactu
540 2116 602 2151 cum
613 2098 772 2161 offenderit,
784 2106 866 2150 aucta

64 2183 127 2218 cum
141 2168 328 2231 incremento,
345 2168 449 2218 clarior
461 2174 490 2219 ot
499 2168 612 2219 suavior
626 2167 661 2217 ad
676 2172 864 2233 spectatorum

61 2235 209 2302 perveniat
223 2249 313 2287 aures.
349 2234 537 2302 Hydraulicas
553 2247 663 2303 quoque
679 2233 821 2287 machinas
836 2242 865 2286 et

62 2308 180 2366 cetera,
206 2317 276 2371 quae
291 2309 356 2354 sunt
370 2303 473 2354 similia
482 2301 525 2354 his
536 2303 664 2370 organis,
678 2303 739 2355 sine
750 2303 863 2355 musicis

61 2370 219 2424 rationibus
240 2372 356 2423 efficere
369 2386 450 2422 nemo
469 2371 581 2436 poterit
621 2372 662 2422 lo.
679 2369 864 2437 Disciplinam

60 2452 131 2489 vero
144 2437 302 2491 Medicinae
317 2440 428 2491 novisse
445 2444 568 2504 oportet,
582 2446 697 2506 propter
707 2439 863 2491 inclinatio-

60 2522 112 2559 nes
124 2506 212 2570 coeli,
224 2521 294 2573 quae
306 2507 406 2559 Graeci
417 2507 529 2559 climata
539 2506 648 2570 dicunt,
661 2509 776 2559 etadres
787 2507 863 2558 loco-

59 2590 138 2640 rum,
154 2576 201 2642 qui
216 2581 280 2626 sunt
289 2576 415 2627 salubres
426 2582 474 2626 aut
482 2574 661 2641 pestilentes,
676 2589 862 2641 aquarumque

59 2660 138 2696 usus.
176 2642 243 2695 Sine
258 2641 301 2694 his
317 2645 390 2695 enim
403 2642 560 2694 rationibus
570 2643 647 2694 nulla
656 2642 775 2694 salubris
787 2641 861 2692 habi·

58 2712 132 2764 tatio
147 2711 210 2762 fleri
223 2717 325 2778 potest.
361 2712 426 2764 lura
440 2724 550 2778 quoque
563 2716 632 2763 nota
640 2708 742 2762 habeat
751 2716 866 2780 oportet
