2054 3090
216 80 221 88 ’
297 111 527 165 ureuevur.
555 113 640 166 cnr.
657 113 712 198 ¹¹¹.-
858 116 907 168 1r1

106 221 299 284 perangustas
311 213 581 274 renarvebementia
594 216 708 282 spiritur
723 199 908 270 extruduntur

106 282 143 333 ad
157 297 280 333 nummos
294 297 454 352 grumorum
467 282 598 335 tumulos.
634 283 658 335 3.
677 283 774 351 ltaque
794 287 842 352 qui
858 302 906 353 pu-

74 394 77 400 .
107 355 170 400 tant
180 355 260 401 tanta
274 365 305 401 se
324 349 472 402 altitudine
487 365 542 418 qua
557 355 621 401 eunt
637 353 727 418 grunni
743 353 835 417 capita
846 354 908 405 fon·
990 399 993 405 .

107 418 178 498 tium
187 431 272 484 pomo
282 416 398 481 habere,
409 432 472 496 cum
480 417 608 484 aperiunt
617 416 743 469 fossuras
753 419 851 498 latius,
861 420 908 471 de-

108 484 909 620 stilibiniffiltqttitidboldiztpttldi:

109 617 214 668 habene
234 632 249 668 e
267 620 356 670 tribus
376 619 445 670 duae
462 625 569 685 parter,
591 619 806 687 operculumque
818 621 855 671 'in
875 635 909 672 eo

109 686 291 748 collocatum,
311 701 371 736 cum
385 687 458 754 ignia
472 684 632 738 vehementi
643 686 755 738 fervore
770 693 909 755 tangatur,

109 752 284 819 percalefieri
300 754 378 820 cogit
392 768 500 820 aquam.
535 753 577 804 Ea
591 759 684 805 autem
700 760 815 820 propter
832 761 910 805 natu-

108 819 196 870 ralem
209 820 353 871 raritatem
365 820 395 870 in
408 834 439 870 ae
453 820 591 887 recipiens
605 820 724 872 fervoris
737 820 857 871 reddam
870 821 911 872 in-

109 886 261 949 flationem,
273 902 328 937 non
338 886 421 937 modo
432 887 530 954 implet
539 903 596 950 raa,
607 887 657 939 sed
668 888 811 955 spiritibus
823 887 911 938 extol·
968 928 970 933 .

109 955 170 1004 lens
182 954 344 1019 operculum
355 959 384 1005 et
398 968 527 1006 crescens
541 954 675 1006 abundat:
694 954 804 1005 sublato
818 960 911 1005 autem

112 1022 258 1088 operculo,
277 1021 387 1072 emieeie
400 1020 591 1075 inflationibus
605 1022 634 1071 in
645 1021 838 1138 abrogatam,
852 1036 911 1072 rur·

111 1088 214 1138 eumad
233 1104 313 1139 suum
334 1088 426 1139 locum
445 1088 559 1139 recidet.
594 1087 635 1138 Ad
658 1102 711 1138 eun
733 1102 776 1139 em
799 1087 911 1138 modum

113 1153 173 1222 [ea]
185 1155 277 1222 capita
290 1154 421 1219 fontium,
437 1168 498 1205 cum
513 1160 577 1206 eunt
590 1158 624 1205 an
665 1155 727 1206 otiis
741 1168 911 1221 compressa,

90 1260 92 1265 .
109 1228 193 1273 rerunt
202 1223 232 1272 in
242 1237 349 1273 summo
360 1223 475 1289 spirituc
485 1236 573 1289 aquae
583 1221 631 1272 bul
646 1223 712 1272 'tusz
727 1221 810 1273 simul
819 1228 911 1273 autem

110 1289 194 1340 latiur
205 1295 269 1340 eunt
282 1290 385 1355 aperti,
402 1289 552 1341 exanimati
564 1304 615 1356 per
628 1290 772 1340 raritatem
787 1288 911 1356 liquidae

130 1357 259 1408 oteetatie
287 1357 413 1416 residant
440 1362 469 1407 et
489 1357 675 1408 restituuntur
696 1357 725 1407 in
751 1357 912 1407 libramenti

110 1372 181 1490 frua]
205 1424 415 1490 proprietatem.
449 1424 474 1475 4.
495 1424 591 1476 Omnis
615 1430 708 1479 autem
727 1439 800 1492 aqua
820 1422 913 1474 calida

110 1491 175 1541 ideo
190 1490 302 1557 quidem
316 1497 360 1542 eet
371 1490 621 1555 medicamentoea,
635 1491 711 1559 quod
723 1492 752 1543 in
766 1491 859 1558 pravis
869 1504 913 1541 re·

109 1557 161 1607 bus
171 1563 305 1622 percocta
315 1557 398 1608 aliam
406 1558 538 1610 virtutem
551 1559 652 1628 recipit
661 1558 697 1609 ad
706 1573 795 1609 usum.
830 1557 912 1609 Nam·

110 1639 164 1690 que
184 1621 345 1738 sulphurosi
366 1624 459 1676 fontes
481 1638 630 1676 nervorum
651 1624 764 1676 labores
783 1623 914 1674 reficiunt

111 1689 222 1756 percale
237 1689 354 1740 aciendo
376 1690 574 1758 exurendoque
592 1690 732 1742 caloribus
753 1705 768 1741 e
789 1690 912 1756 corpori·

111 1759 162 1807 bus
173 1753 303 1806 humores
312 1756 445 1807 vitiosos:
465 1757 616 1808 aluminosi
629 1763 734 1819 autem,
750 1771 812 1808 cum
822 1757 911 1808 diseo

110 1825 170 1874 luta
180 1822 303 1872 membra
312 1837 461 1889 corporum
474 1823 600 1890 paralysi
614 1829 662 1874 aut
675 1824 769 1891 aliqua
781 1824 810 1873 vi
821 1823 913 1874 morbi

111 1894 290 1956 receperunt,
310 1889 431 1941 fovendo
445 1904 495 1955 per
512 1897 640 1957 patentes
660 1904 745 1942 venae
764 1889 914 1958 refrigera-

111 1959 218 2010 tionem
237 1958 379 2007 contraria
397 1957 501 2028 caloris
521 1959 550 2008 vi
566 1957 705 2020 reficiunt,
726 1963 755 2008 et
774 1955 837 2025 [ax]
858 1955 911 2007 boc

112 2025 290 2076 continenter
309 2025 497 2076 restituuntur
512 2025 541 2075 in
560 2025 702 2095 antiquam
725 2023 911 2076 membrorum

112 2091 295 2144 curationem.
331 2090 501 2144 Bituminosi
515 2097 608 2143 autem
620 2092 765 2144 interioris
784 2092 911 2158 corporis

111 2159 182 2210 vitia
200 2159 362 2225 potionibus
378 2158 527 2278 qmgando
552 2159 645 2212 colant
666 2159 781 2211 mederi.
817 2157 842 2209 b.
861 2157 913 2208 Est

111 2231 203 2277 autem
212 2240 300 2292 aquae
309 2225 376 2295 frigi
397 2240 429 2278 ae
437 2240 525 2294 genus
536 2227 681 2290 nitrosum,
691 2227 733 2278 uti
743 2224 848 2281 Pinnae
858 2224 912 2276 Ve-

111 2294 218 2356 ctinae,
235 2293 346 2345 Cutiliis
357 2293 475 2362 aliisque
485 2292 557 2344 locis
568 2293 718 2357 similibus,
733 2292 808 2361 quod
820 2292 912 2359 potio-

111 2358 192 2411 nibus
216 2359 364 2429 depurgat,
392 2376 444 2428 per
465 2359 611 2480 alvumquie
633 2359 804 2413 transeundo
828 2358 912 2410 etiam

112 2432 278 2478 strumarum
287 2429 388 2480 minuit
396 2435 530 2480 tumores.
589 2429 695 2480 bivero
707 2439 803 2480 aurum
814 2441 912 2493 argen-

111 2501 169 2545 tum
180 2494 284 2545 ferrum
298 2510 347 2554 aee
356 2496 498 2564 plumbum
510 2497 692 2564 reliquaeque
706 2510 752 2547 ree
767 2509 863 2545 earum
876 2493 912 2543 ei-

109 2561 192 2612 milee
208 2561 364 2626 fodiuntur,
379 2564 472 2616 fontes
486 2563 664 2616 inveniuntur
678 2562 799 2630 copioei3
819 2559 870 2613 sed
883 2558 914 2610 hi

109 2628 231 2682 maxime
245 2637 310 2684 eunt
324 2633 434 2685 vitiosi:
455 2629 559 2687 habent
574 2633 647 2684 enim
660 2631 730 2685 vitia
745 2624 920 2698 [cormarici
