2054 3090
330 203 458 256 LIBER
480 203 514 256 v,
543 205 627 259 cnr.
647 201 701 258 lv.
738 195 739 198 ’
885 210 918 260 eo

112 308 180 358 suut
197 303 338 372 quiinter
355 306 475 359 mobiles
492 307 655 374 interpositi
671 310 817 363 continent
833 316 919 364 tetra-

112 371 214 424 chordi
224 372 464 438 coniunctionem,
485 382 513 426 et
528 391 543 426 e
557 390 692 443 generum
711 378 918 430 discriminibus

115 440 176 491 suis
192 439 293 490 finibus
310 447 375 492 sunt
391 449 593 507 permanentes.
629 444 810 510 Appellantur
827 453 918 498 autern
967 509 969 511 ,

114 507 170 559 sie:
180 506 486 573 proslambanomenos,
494 508 597 576 hypate
608 508 741 576 hypaton,
750 511 853 578 hypate
863 529 918 563 me-

113 589 181 637 son,
197 588 289 637 mese,
303 581 367 626 nete
378 591 592 642 synemmenon,
607 591 767 643 paramese,
783 585 846 631 nete
862 580 918 630 die-

113 655 302 708 zeugmenon,
328 648 393 693 nete
417 641 637 710 hyperbolaeon.
677 646 799 697 Mobiles
826 655 918 698 autem

114 715 195 771 suut,
210 709 259 775 qui
267 711 297 760 in
306 707 488 761 tetrachordo
498 712 572 762 inter
579 712 710 763 immotos
728 713 872 780 dispositi,
890 716 918 764 in

134 776 266 827 oneribus
283 781 312 827 et
325 777 397 827 loeis
405 777 470 828 loca
479 784 602 829 mutant:
621 780 759 831 voeabula
770 787 862 831 autem
872 780 918 831 ha·

102 792 182 894 'fient
201 841 283 894 haee:
306 842 462 911 parhypate
478 843 619 912 hypaton,
639 835 767 898 lieban'os
785 846 918 914 hypaton,

113 909 268 979 parhypate
282 925 392 975 meson,
411 910 538 963 lichanos
552 926 662 975 meson,
681 914 748 964 trite
765 930 918 981 synemme-

114 992 180 1040 non,
190 984 324 1045 paranete
332 993 542 1045 synemmenon,
551 979 619 1031 trite
630 980 861 1048 diezeugmenon,
872 997 918 1048 pa-

114 1051 211 1096 ranete
224 1044 460 1112 diezeugmenon,
470 1046 537 1098 trite
547 1044 773 1114 hyperbolaeon,
784 1055 918 1115 paranete

114 1111 335 1180 hyperbolaeon.
370 1112 394 1163 e.
413 1113 448 1163 Ei
471 1119 576 1176 autem,
597 1114 645 1180 qui
663 1121 825 1178 moventur,
848 1117 919 1165 reei-

132 1181 195 1230 iout
203 1180 320 1232 virtutes
331 1179 414 1230 alias:
433 1180 583 1232 intervalla
592 1181 665 1231 enim
676 1187 706 1232 et
715 1181 862 1234 distantias
873 1182 919 1234 ha*-

93 1195 182 1306 ‚Hent
192 1253 360 1299 arescentes.
395 1246 491 1315 ltaque
501 1246 669 1315 parhypate,
685 1263 756 1315 quae
770 1249 800 1299 in
810 1247 921 1301 harmo-

114 1315 162 1366 nia
172 1313 258 1366 distet
268 1313 302 1365 ab
313 1312 417 1381 hypate
423 1314 511 1378 diesi,
526 1315 556 1367 in
567 1314 710 1367 chromate
720 1322 826 1368 mutata
835 1315 921 1369 habet

114 1380 312 1444 hemitonium,
322 1381 351 1432 in
362 1381 479 1434 diatono
487 1397 555 1434 vero
564 1389 674 1435 tonum:
695 1384 743 1452 qui
753 1382 880 1438 liehanos
890 1386 920 1436 in

117 1449 262 1501 nar-monia
276 1449 380 1500 dieitur
394 1449 429 1500 ab
444 1448 547 1517 hypate
567 1451 654 1503 distat
672 1449 870 1516 hemitonium,
890 1455 921 1505 in

115 1516 231 1569 chroma
249 1515 403 1568 translatus
421 1519 604 1586 progreditur
623 1518 678 1570 duo
698 1517 866 1583 hemitonia,
892 1521 920 1570 in

116 1585 232 1636 diatono
248 1583 335 1636 distet
349 1584 383 1635 ab
394 1583 497 1652 hypate
508 1587 563 1638 tria
573 1584 735 1638 hemitonia.
770 1587 812 1638 lta
823 1589 921 1640 deeem

115 1653 225 1704 sonitus
240 1657 356 1720 propter
369 1652 569 1706 translationes
583 1653 613 1705 in
632 1654 782 1721 generibus
797 1655 922 1708 efficiunt

115 1720 256 1787 triplicem
265 1718 487 1771 modulationum
500 1721 673 1773 varietatem.
707 1723 733 1773 i.
752 1721 922 1773 Tetrachor-

114 1788 152 1839 da
163 1792 255 1838 autem
266 1793 331 1840 suut
340 1787 473 1854 quinque:
493 1789 612 1854 primum
623 1789 830 1855 gravissimum,
845 1789 922 1856 quod

115 1867 218 1923 graece
238 1853 341 1906 dieitur
355 1850 466 1918 ὕπατονς
486 1856 637 1907 seeundum
651 1856 824 1918 medianum,
845 1856 922 1922 quod

115 1921 274 1989 appellatur
286 1923 380 1987 μέσονς
399 1923 513 1974 tertium
531 1924 722 1985 coniunctum,
737 1923 815 2040 {¹¹⁰³
825 1938 922 1987 συνημ-

113 1992 193 2054 μένον
208 1988 324 2053 dieitur3
346 1995 475 2055 quartum
489 1990 670 2052 disiunctum,
686 2004 741 2056 quo
777 1989 921 2056 διεζευγμέ-

114 2056 479 2122 νονιιοπιίιιαῒιιτςᾳιιίιιωιῃ,
510 2057 567 2108 uod
578 2063 622 2108 est
632 2057 921 2124 acutissimumgrae-

115 2138 147 2175 ee
158 2119 331 2190 ὑπερβὸλαιον
341 2123 452 2175 dieitur.
489 2073 660 2187 goneentus,
675 2139 746 2191 quos
762 2122 921 2175 naturaho-

114 2191 198 2242 minis
214 2189 353 2242 modulari
365 2196 472 2257 potest,
490 2205 647 2259 graecaque
662 2193 806 2257 reppertos
826 2192 922 2244 dieun-

114 2265 174 2320 tur,
185 2263 250 2309 sunt
260 2272 323 2320 sex,
335 2257 524 2321 diatessaron,
537 2259 681 2325 diapente,
697 2258 847 2326 diapason,
865 2259 921 2309 dia-

115 2339 203 2392 pason
213 2340 276 2376 eum
286 2325 475 2387 diatessaron,
492 2326 627 2392 diapason
638 2341 699 2378 eum
710 2326 855 2393 diapente,
868 2326 922 2376 dis-

115 2393 260 2459 diapason.
296 2392 320 2444 8.
338 2393 462 2460 ldeoque
479 2399 508 2444 et
522 2408 539 2444 a
553 2406 668 2445 numero
680 2395 794 2444 nomina
808 2407 922 2460 recepe-

116 2465 194 2524 ruot;
234 2459 299 2522 uod,
311 2475 372 2511 eum
382 2475 437 2512 vox
448 2461 608 2512 eonstiterit
616 2462 646 2511 in
655 2476 711 2512 una
719 2474 851 2512 sonorum
862 2460 923 2510 lini-

114 2528 194 2579 tione
212 2543 229 2578 a
262 2541 350 2594 eaque
371 2543 401 2578 se
417 2527 533 2579 flectens
551 2529 703 2579 mutaverit
718 2533 747 2578 ot
762 2528 924 2592 pervenerit
951 2541 956 2552 ·

115 2596 143 2646 in
160 2601 287 2662 quartam
298 2595 542 2659 terminationem,
563 2595 721 2662 appellatur
736 2594 923 2655 diatessaron,

105 2663 144 2712 -in
160 2663 285 2729 quintam
302 2662 447 2730 diapente,
463 2664 494 2714 in
504 2668 630 2716 octavam
642 2661 792 2729 diapason,
807 2661 924 2712 inoeta·

116 2745 178 2781 ram
189 2736 218 2782 et
228 2729 372 2781 dimidiam
386 2729 520 2799 diapason
531 2736 561 2784 et
571 2730 768 2796 diatessaron,
778 2729 814 2781 in
824 2744 934 2781 nonam

641 2796 731 2856 'uu
