2054 3090
113 182 145 241 or
313 187 368 239 on
394 173 720 240 nncnrrnoruna

113 304 182 341 ones
193 291 325 358 exposui3
339 290 393 340 hoc
402 290 475 340 libro
484 289 659 358 publicorum
667 289 822 341 loboruili‘b
880 288 920 342 dl-

112 373 157 407 am
180 358 401 424 dispositiones:
420 358 594 425 primuinque
616 355 709 408 forum
726 355 769 408 uti
788 358 843 476 opu
873 356 921 411 ast

112 426 246 476 constitui
264 426 367 487 dicam,
383 425 458 492 quod
472 425 500 474 in
516 432 551 475 eo
567 428 596 476 et
606 418 779 496 publicorum
790 436 806 476 e
817 424 835 433 ·’
846 425 862 435 ·’
875 426 920 477 'ts-

111 499 201 543 tarum
216 498 308 544 rerum
326 494 451 542 rationes
461 506 512 561 per
524 492 706 560 magistratus
717 490 825 561 gubern
844 493 917 545 ntor.

423 592 559 646 CAPUT
585 593 607 645 Ι.

203 743 208 750 .
325 675 464 745 Deforo
484 676 702 746 batilicirpne.

170 763 272 814 Graeci
293 765 323 814 in
346 763 482 830 quadrato
505 762 686 834 amplissiiills'
708 764 738 814 et
758 761 918 831 duplicibus

75 883 77 887 Α
111 831 266 899 porticibus
284 831 348 882 fora
362 831 548 893 consumma
564 830 726 899 crebrisqtid
741 828 879 882 'columnis
890 837 920 884 st

111 899 230 966 lapideis
246 904 294 950 aut
303 899 467 950 marmoreis
479 896 619 977 epistyliis
630 898 777 950 adornant·
795 900 825 950 ct
834 898 875 969 ιιι
886 912 919 950 ra

47 972 50 979 '
112 966 316 1018 ambulationes
338 968 367 1017 in
388 963 646 1033 contignationibus
666 934 782 1039 iiicidiii'.
815 962 861 1039 'lta
884 978 917 1017 ac

111 1049 178 1085 vero
190 1035 304 1085 urbibus
314 1049 370 1084 non
381 1034 478 1084 eadem
490 1036 534 1083 cst
543 1033 655 1084 ratione?
664 1030 837 1097 faciendum,
850 1032 917 1085 idc'b

112 1102 187 1169 quod
199 1101 373 1153 amaioribirs
380 1099 555 1151 consubtiido
565 1099 670 1151 tradita
680 1102 733 1163 cs'b
747 1100 918 1168 glddidior'ia

112 1185 226 1221 munera
246 1171 276 1220 in
297 1169 360 1220 foro
380 1169 449 1219 dari.
486 1166 919 1237 2.1'giti1iclrcuibspe''ctacula

112 1237 282 1304 spatiosiora
295 1235 510 1296 intercolumnia
519 1235 736 1299 dis'tr'ibiraribrr',
748 1235 879 1303 cirbdqu'e
888 1236 917 1285 in

112 1303 266 1370 porticibus
281 1305 459 1370 argentariae
473 1301 608 1354 tabernae
622 1302 825 1369 moenianitquii
836 1308 917 1371 supt-

111 1370 233 1420 rioribus
246 1370 459 1420 coaxationibus
470 1369 657 1432 collocentur,
673 1374 744 1436 quae'
755 1369 827 1420 etad
836 1386 916 1420 usunr

111 1434 181 1485 etad
190 1434 339 1498 vectigalia
349 1435 461 1498 publica
471 1439 547 1484 recte
556 1428 789 1500 eruntdispositii.
803 1435 912 1503 Magni·

108 1500 215 1552 tudinis
230 1507 322 1549 autem
338 1500 371 1549 ad
388 1501 496 1564 copiam
512 1499 653 1552 bor'ninuiti
665 1504 776 1568 oportet
786 1501 861 1565 licii,
876 1517 911 1553 ne

108 1581 222 1635 parrum
236 1567 353 1632 spatium
368 1568 406 1616 sit
416 1567 451 1616 ad
460 1572 553 1630 osuin,⁴
564 1572 611 1618 aut
620 1572 655 1619 rie'
664 1568 779 1635 propter
787 1569 911 1637 inopini

109 1633 205 1701 populi
219 1639 327 1683 vastum
341 1633 432 1684 forum
446 1634 582 1685 rideatur.
618 1635 751 1686 Latitudo
767 1640 861 1687 autem
870 1637 911 1688 ita

110 1702 233 1764 finiatur,
249 1702 289 1751 uti
303 1701 450 1768 longitudo
465 1702 494 1751 in
507 1708 565 1752 tros
577 1706 742 1767 partescum
753 1703 843 1754 dirim
851 1702 911 1755 fise·

109 1771 159 1832 rit,
180 1784 214 1820 ex
230 1768 272 1819 bis
288 1769 358 1819 duae
372 1773 465 1835 partes
480 1769 506 1818 ei
522 1768 634 1819 dentur:
652 1769 692 1819 ita
702 1771 775 1820 enlin
789 1770 912 1839 oblongi

110 1838 164 1887 erit
172 1837 232 1887 eius
243 1836 384 1898 formatio,
393 1841 422 1885 et
432 1835 467 1885 ad
479 1835 700 1901 spectaculorum
711 1837 848 1888 rationein
858 1839 911 1888 riti-

109 1904 148 1955 lis‘
155 1905 312 1971 dispositio.
346 1903 370 1953 3.
391 1902 542 1952 Columnae
552 1903 713 1968 superiores
723 1910 822 1970 quarta
832 1909 912 1970 parte

111 1973 230 2022 minores
238 1987 318 2038 quam
326 1969 476 2020 inferiores
484 1970 777 2037 suntconstituendac,
785 1975 912 2038 propter·

111 2054 144 2088 ea
159 2039 233 2104 quod
247 2039 327 2088 oneri
341 2035 458 2087 ferendo
473 2050 543 2102 quae
557 2042 621 2087 sunt
635 2035 771 2088 macriora
789 2038 912 2090 ili-‘miore

111 2105 212 2156 debent
222 2120 284 2155 esse
296 2119 376 2171 quam
391 2104 547 2169 superiora:
565 2118 621 2154 non
634 2105 723 2155 minus
738 2105 911 2170 quodetiam

32 2179 39 2191 ·
112 2173 281 2222 nascentium
297 2177 409 2237 oportet
421 2171 525 2221 imitari
534 2176 672 2233 naturam,
687 2171 753 2222 utlii
764 2172 911 2223 arboribus

111 2238 258 2299 teretibus,
270 2238 374 2299 abiete,
387 2251 532 2302 cupressu,
543 2239 621 2304 pinu,
633 2251 648 2289 e
659 2238 759 2304 quibus
769 2239 846 2290 nulla
855 2248 911 2290 non

112 2306 233 2355 crassior
248 2310 291 2354 est
306 2303 339 2354 ab
353 2304 507 2368 radicibus,
523 2305 624 2356 deinde
634 2306 788 2357 crescendo
795 2315 911 2374 progre-

112 2372 187 2422 ditur
196 2374 225 2423 in
238 2371 424 2434 altitudinem,
440 2373 561 2423 naturali
571 2376 748 2423 contractura
759 2384 843 2439 perae
863 2387 910 2424 ua·

112 2448 140 2488 ta
154 2455 270 2491 nascens
286 2439 321 2489 ad
335 2454 474 2490 cacumen.
510 2439 585 2506 Ergo
597 2439 621 2490 si
630 2447 728 2491 natura
737 2447 909 2492 nascentium

111 2507 151 2556 ita
174 2508 309 2574 postulat,
333 2513 409 2556 recte
430 2513 474 2557 est
492 2507 685 2569 constitutum,
710 2513 739 2557 et
757 2508 909 2559 altitudini-

110 2574 162 2623 bus
191 2583 220 2626 et
246 2574 476 2625 crassitudinibus
505 2575 652 2640 superiora
675 2575 839 2626 inferiorum
863 2575 909 2625 lie-

112 2641 135 2689 ri
150 2643 346 2693 contractiora.
381 2642 405 2691 4.
425 2640 608 2692 Basilicarum
622 2642 686 2708 loca
699 2642 829 2692 adiuncta
838 2641 909 2692 {oris

112 2723 191 2774 quam
204 2709 380 2760 calidissimis
395 2708 518 2773 partibus
534 2710 804 2775 oportotconstttui,
820 2715 905 2776 utpcr
