2054 3090
115 112 158 160 232
307 109 362 159 Du
389 111 713 165 ARCHITECTURA

110 213 206 274 fucrit,
224 227 258 262 ex
266 213 449 278 symmetriis,
465 214 571 278 quaein
581 213 693 265 urbanis
706 229 794 281 supra
807 214 917 282 scripte

112 287 186 342 sunt,
206 281 359 330 constituta
373 280 414 330 ita
428 287 583 344 struantur,
604 287 635 333 ut
649 282 708 332 sine
727 281 914 348 impeditione

108 349 230 398 rusticae
243 348 375 398 utilitatis
393 348 583 399 aedificentur.
619 347 642 400 6.
663 348 763 400 Omnia
782 350 916 400 aedificia

109 422 140 465 ut
156 416 296 465 luminosa
310 415 377 476 sint,
392 422 506 480 oportet
521 416 626 479 curari,
646 416 696 466 sed
711 432 783 483 quae
798 424 865 468 sunt
879 418 915 468 ad

109 483 203 544 villas,
217 482 348 533 faciliora
356 482 486 532 videntur
495 498 572 546 esse,
587 483 652 534 ideo
664 483 739 549 quod
747 485 843 550 paries
853 485 913 536 nul-

109 551 163 600 lius
179 550 263 598 vicini
278 554 373 614 potest
387 548 512 600 obstare:
532 551 561 600 in
575 551 642 601 urbe
663 557 754 602 autem
773 563 822 603 aut
838 567 913 602 com·

110 617 231 667 munium
247 617 384 680 parietum
396 616 558 668 altitudines
575 624 623 668 aut
633 622 779 685 angustiae
790 619 849 670 loci
863 620 913 670 im-

110 683 249 749 pediundo
265 682 372 734 iaciunt
388 683 583 735 obscuritates.
619 685 714 752 ltaque
730 686 764 736 de
781 701 816 737 ea
824 701 856 737 re
872 687 915 737 sic

110 752 165 801 crit
178 750 390 815 experiundum:
409 766 444 803 er
457 767 512 818 qua
523 759 602 817 parte
616 753 708 803 lumen
720 759 853 820 oporteat
868 770 913 804 su·

109 833 185 867 nuere
199 819 274 867 linea
286 817 417 867 tendatur
431 820 464 868 ab
476 819 622 870 altitudine
652 820 762 882 arietis,
778 821 827 888 qui
837 821 912 871 vide-

108 894 154 936 tur
173 885 285 936 obstare
305 885 340 935 ad
360 900 422 935 eum
441 886 547 949 locum,
571 887 615 937 cui
633 835 756 955 flumen]
782 893 914 955 oporteat

109 954 271 1016 immittere3
293 953 353 1003 etsi
364 953 398 1002 ab
410 967 443 1002 ca
451 954 539 1016 linea,
554 954 582 1004 in
589 955 764 1005 altitudinem
775 970 838 1005 cum
849 961 912 1021 pro·

110 1022 256 1088 spiciatur,
271 1020 376 1087 poterit
389 1021 508 1086 spatium
521 1021 584 1087 puri
597 1022 672 1072 coeli
681 1022 801 1088 amplum
811 1023 911 1085 videri,

109 1091 138 1139 in
151 1104 185 1140 co
197 1090 260 1140 loco
277 1090 369 1139 lumen
384 1088 438 1139 erit
451 1089 512 1139 sine
526 1088 720 1155 impeditione:
755 1090 781 1140 i.
801 1088 851 1142 Sin
865 1105 911 1141 au·

109 1163 165 1207 tem
178 1157 304 1208 officiunt
315 1154 410 1207 trabes
429 1170 480 1207 seu
494 1156 590 1206 limina
609 1162 657 1207 aut
675 1156 912 1224 contignationes,

110 1225 144 1274 de
165 1223 356 1290 superioribus
372 1223 496 1288 partibus
511 1224 665 1290 aperiatur,
685 1224 767 1275 etita
780 1222 911 1275 inimitta·

109 1298 165 1342 tur:
186 1289 265 1341 etad
279 1305 411 1341 summam
424 1291 466 1342 ita
480 1297 524 1342 est
538 1290 758 1358 gubernandum,
776 1298 837 1343 ute
853 1291 911 1359 qui-

108 1358 270 1423 buscunque
292 1357 418 1422 partibus
443 1358 553 1409 coelum
571 1359 695 1426 prospici
719 1360 838 1425 poterit,
862 1373 912 1424 per

111 1441 158 1476 eas
174 1423 360 1475 fenestrarum
375 1423 440 1474 loca
454 1425 659 1492 relinquantur3
680 1426 721 1477 sic
735 1426 809 1477 enirn
818 1425 912 1477 lucida

111 1498 192 1544 erunt
205 1490 342 1542 aedificia.
379 1490 446 1541 Cum
458 1499 549 1544 autem
564 1495 593 1544 in
608 1493 738 1545 tricliniis
753 1495 911 1560 ceterisque

109 1559 289 1612 conclavibus
308 1559 445 1610 maximus
462 1566 506 1611 est
519 1577 586 1612 usus
602 1561 728 1624 luminis,
748 1568 806 1612 tum
827 1562 912 1612 etiam

107 1630 136 1679 in
153 1627 301 1679 itineribus
321 1626 401 1678 clivis
420 1628 573 1694 scalisque;
595 1628 668 1695 quod
686 1628 715 1679 in
734 1626 778 1678 his
797 1630 911 1694 saepius

110 1696 181 1747 alius
195 1695 245 1746 alii
257 1694 367 1747 obviam
379 1696 523 1746 venientes
537 1695 660 1747 ferentes
675 1696 798 1747 sarcinas
819 1696 912 1746 solent

108 1765 260 1816 incurrere.

160 1831 261 1894 Quoad
273 1832 354 1898 potui
372 1832 585 1883 distributiones
602 1830 719 1898 operum'
735 1831 910 1893 nostratium,

109 1901 150 1950 uti
162 1902 217 1951 sint
228 1900 454 1951 aedificatoribus
465 1913 520 1949 non
531 1899 676 1960 obscurae,
688 1897 821 1965 explicui:
839 1913 912 1949 nunc

110 1968 195 2018 etiam
218 1967 447 2035 quemadmodum
468 1965 639 2017 Graecorum
663 1965 911 2017 consuetudinibus

110 2035 240 2085 aedilicia
252 2035 466 2096 distribuantur,
481 2034 522 2084 uti
533 2049 588 2084 non
599 2033 656 2084 sint
668 2033 778 2100 ignota,
794 2048 911 2085 summa·

108 2103 158 2152 tim
171 2116 314 2169 exponam.

399 2203 535 2255 CAPUT
560 2202 627 2254 Vll.

446 2275 576 2334 ennox-J

143 2358 191 2412 De
220 2359 415 2411 Graecorum
442 2358 676 2428 aedificiorum
703 2371 879 2424 seruisque

313 2426 462 2493 partium
481 2424 703 2493 dispositione.

158 2514 244 2565 Atriis
257 2512 358 2563 Graeci
372 2513 437 2578 quia
448 2526 503 2561 non
510 2517 638 2572 utuntur,
651 2523 741 2575 neque
753 2507 914 2571 aedificant,

107 2581 159 2631 sed
170 2582 203 2632 ab
213 2583 297 2630 ianua
306 2579 511 2630 introeuntibus
522 2579 625 2629 itinera
637 2575 745 2627 faciunt
758 2575 914 2626 latitudini·

106 2642 161 2700 bus
171 2664 227 2700 non
238 2647 384 2713 spatiosis,
400 2653 428 2697 ct
440 2661 475 2697 ex
484 2662 539 2696 uua
551 2652 631 2712 parte
646 2644 750 2712 equilis
755 2679 763 2705 ,
778 2658 813 2695 ex
824 2643 913 2694 altera
