2054 3090
278 158 411 211 LIBER
432 158 453 211 1.
490 157 575 212 GAP.
600 157 651 213 lv.
835 155 868 210 1⁵

60 268 152 316 rates:
169 261 270 313 deinde
286 263 312 313 si
325 261 475 314 evitabitur
483 261 616 329 palustris
626 261 764 313 vicinitas.
800 260 867 312 Cum

62 332 138 384 enim
153 343 239 381 aurae
253 330 406 381 matutinae
421 345 483 381 cum
496 328 558 382 sole
569 329 679 381 umente
690 329 725 380 ad
736 328 868 396 oppidum

61 398 245 467 pervenient,
262 398 335 449 etiis
352 403 430 448 ortae
445 396 564 449 nebulae
574 396 774 464 adiungentur,
789 397 869 515 spiri·

61 475 165 534 tueque
178 465 332 517 bestiarum
346 465 511 532 palustrium
524 471 678 518 venenatos
695 479 757 516 cum
768 467 801 516 rie
822 463 870 514 ule

63 535 170 586 mixtos
184 531 403 584 inhabitatorum
420 547 541 600 corpora
554 530 636 585 flatus
651 546 715 599 spar
737 538 797 600 ent,
813 531 869 582 cffi-

63 603 142 653 cient
160 600 254 652 locum
273 600 460 667 pestilentem.
495 600 566 652 ltem
584 601 610 651 ni
626 547 779 653 sacnnffum
792 613 869 651 mare

65 675 148 720 erunt
162 668 274 719 moenia
287 667 506 736 spectabuntque
521 667 556 720 ad
565 668 711 720 meridiem
721 674 770 720 aut
779 667 814 720 ad
825 682 870 719 oc-

64 737 215 798 cidentem,
226 750 281 787 non
292 741 374 787 erunt
383 735 518 800 salubria3
530 737 596 804 quia
603 749 655 803 per
661 742 796 789 aestatem
807 750 870 788 coe-

67 805 123 856 lum
133 803 317 855 meridianum
327 804 388 855 sole
399 804 545 857 exoriente
556 804 685 869 calescit,
696 805 814 857 meridie
828 818 871 854 ar·

65 872 126 924 det:
145 871 213 922 item
232 871 307 938 quod
320 877 429 938 spectat
443 872 478 923 ad
492 870 679 937 occidentem,
694 872 755 926 sole
770 877 871 925 exorto

65 938 196 1007 tepescit,
206 938 323 990 meridie
334 938 417 1002 calet,
428 953 544 1006 vespere
554 937 656 992 fervet.
680 942 705 992 ².
716 940 805 1008 lgitur
814 954 871 991 mu-

64 1005 221 1059 tationibus
229 1006 334 1058 caloris
344 1011 374 1058 et
382 1005 608 1074 refrigerationis
618 1022 750 1075 corpora,
762 1007 872 1075 quaein

64 1076 103 1126 iis
113 1072 186 1125 locis
196 1080 269 1136 sunt,
280 1074 422 1126 vitiantur.
448 1074 615 1126 liocautem
624 1075 874 1127 lieetanimadver·

65 1150 128 1194 tere
142 1142 228 1193 etiam
242 1155 278 1192 cx
290 1141 339 1204 iis,
353 1155 424 1207 quae
435 1155 491 1193 non
501 1142 716 1194 suntanimalia.
751 1142 782 1193 ln
793 1141 873 1194 cellis

65 1211 141 1262 enim
150 1209 266 1260 vinariis
276 1209 360 1259 tectis
370 1208 476 1259 lumina
485 1221 567 1260 nemo
575 1210 650 1275 capit
659 1223 677 1260 a
689 1209 807 1261 meridie
820 1224 874 1262 nec
929 1253 932 1260 .

66 1277 102 1328 ab
113 1276 274 1339 occidente,
288 1275 340 1327 sed
350 1275 583 1343 aseptcntriona;
613 1276 670 1328 uod
680 1278 804 1347 carogio
814 1277 873 1329 nul·

66 1345 96 1397 lo
110 1351 238 1412 tempore
252 1343 423 1395 mutationes
436 1342 551 1412 recipit,
565 1291 616 1397 ”cp
630 1351 675 1398 cst
687 1345 767 1399 firma
776 1360 874 1414 perpe·

67 1420 116 1464 tno
127 1419 157 1464 et
165 1411 356 1464 immutabilis.
378 1411 446 1465 idco
457 1413 541 1465 etiam
551 1413 691 1482 granaria,
701 1429 772 1482 quae
783 1415 819 1466 ad
828 1429 875 1467 so·

68 1481 103 1532 lia
112 1495 223 1532 cursum
233 1485 372 1547 spectant,
382 1479 537 1533 bonitatem
546 1483 603 1534 cito
614 1488 733 1547 mutant3
745 1483 875 1536 obsonia·

69 1563 122 1616 que
141 1554 279 1615 erpone,
294 1563 365 1616 quae
382 1563 439 1601 non
452 1550 481 1601 in
496 1564 530 1600 ea
543 1550 617 1601 coeli
630 1557 710 1618 parte
723 1556 874 1618 ponuntur,

72 1631 139 1682 quae
154 1623 200 1667 est
209 1630 308 1667 aversa
318 1632 334 1667 a
344 1615 413 1679 solis
425 1632 521 1680 cursu,
535 1633 591 1668 non
601 1618 649 1670 diu
659 1625 813 1672 servantur.
848 1617 874 1670 3.

70 1682 138 1734 Nam
152 1698 263 1750 semper
277 1684 354 1736 calor
365 1700 426 1736 cum
436 1688 569 1752 excoquit
579 1686 702 1751 arabus,
715 1687 875 1738 firmitatem

69 1752 161 1818 eripit,
168 1761 198 1805 et
206 1752 357 1818 vaporibus
367 1751 484 1804 fervidis
496 1754 658 1821 exsugendo
668 1754 811 1807 naturales
820 1754 874 1805 rir-

68 1824 144 1870 tutes
155 1818 287 1871 dissolvit
297 1835 345 1873 eas
356 1828 385 1872 et
394 1819 506 1872 fervore
517 1821 716 1874 mollescentes
728 1823 813 1874 efficit
825 1823 875 1873 im·

68 1885 199 1938 becillas:
217 1893 249 1938 ut
268 1888 353 1939 ctiam
371 1889 401 1939 in
420 1888 496 1941 ferro
517 1888 779 1954 animadvertimus,
799 1889 875 1957 quod

71 1953 196 2018 quamvis
206 1961 306 2006 natura
315 1956 354 2006 sit
363 1956 473 2020 durum,
489 1957 517 2007 in
528 1955 689 2008 fornacibus
701 1957 735 2008 ab
745 1957 820 2025 ignis
829 1972 875 2008 va-

70 2033 141 2138 pore
155 2021 371 2087 percalefactum
384 2023 425 2074 ita
434 2024 588 2086 mollescit,
602 2025 645 2075 uti
654 2025 683 2075 in
695 2039 776 2075 omne
787 2038 876 2092 genus

84 2088 474 2154 ormaefaciliterfabricetur,
481 2098 510 2142 et
519 2090 594 2141 idem
605 2106 666 2141 cum
676 2092 763 2144 molle
774 2099 804 2144 ct
813 2106 876 2144 can·

71 2155 139 2207 dens
149 2156 334 2225 refrigeratur
343 2158 460 2209 tinctum
471 2157 584 2225 frigida,
589 2158 747 2212 redurescit
756 2167 786 2212 et
794 2161 877 2213 resti-

69 2224 158 2275 tuitur
166 2225 196 2276 in
206 2226 348 2292 antiquam
357 2226 567 2293 proprietatem.
589 2227 613 2278 4.
625 2226 708 2280 Licet
717 2229 801 2281 etiarn
811 2243 876 2281 con·

69 2291 195 2344 siderare
206 2290 275 2345 haec
285 2294 326 2346 ita
335 2307 399 2346 csse
409 2308 444 2347 cx
454 2308 503 2357 eo,
514 2294 589 2361 quod
600 2301 706 2348 aestate
718 2313 774 2349 non
785 2296 876 2349 solum

68 2360 99 2409 in
112 2360 310 2425 pestilentibus
324 2361 396 2413 locis
411 2361 461 2413 scd
476 2362 561 2413 etiarn
573 2363 771 2416 insalubribus
783 2364 877 2417 omnia

70 2442 192 2493 corpora
205 2428 299 2480 calore
314 2430 384 2481 fiunt
393 2429 547 2493 imbecilla,
563 2437 592 2482 et
600 2447 651 2498 per
661 2429 780 2484 hiemem
791 2434 876 2485 etiam

70 2509 142 2562 qnae
156 2502 221 2547 sunt
234 2497 482 2562 pestilentissimae
495 2499 627 2566 regiones
639 2501 794 2552 efficiantur
803 2498 876 2552 salu·

69 2562 144 2627 bres,
154 2563 220 2616 ideo
232 2565 307 2632 quod
318 2565 607 2647 arefrigerationibus
617 2566 782 2620 solidantur.
812 2565 876 2620 Non

69 2630 161 2685 minus
175 2634 261 2684 etiam
275 2644 345 2700 quae
359 2649 377 2684 a
389 2631 502 2703 frigidis
515 2634 678 2703 regionibns
693 2650 813 2704 corpora
820 2641 875 2688 tra·

70 2697 210 2754 ducuntur
221 2700 251 2752 in
261 2701 381 2766 calidas,
394 2717 450 2754 non
458 2708 577 2771 possunt
587 2703 701 2769 durare,
714 2703 766 2757 sed
776 2703 875 2757 dissol-
