2054 3090
273 230 399 283 LIBER
415 231 451 284 ll.
480 232 564 284 eAP.
583 232 636 283 lll.
827 232 859 282 35

50 331 272 402 quinquennium
281 332 394 396 duobus,
409 349 470 385 cum
481 334 597 385 arbitrio
607 334 786 400 magistratus
801 332 859 384 iue-

51 403 87 453 rit
95 401 139 453 ita
147 400 299 467 probatus,
313 407 379 452 tunc
388 407 503 453 utuntur
513 402 542 451 in
552 403 689 467 parietum
701 402 858 451 structuris.

52 469 76 519 3.
84 468 173 519 Fiunt
184 473 277 518 autem
287 467 404 518 laterum
414 484 518 535 genera
526 470 592 520 tria:
605 484 687 518 unum
698 468 772 534 quod
782 482 859 533 grae-

56 550 87 587 ce
94 534 220 602 Lydium
230 534 397 601 appellatum
407 537 437 585 id
445 542 497 598 est,
507 552 561 603 quo
572 538 661 587 nostri
671 541 792 593 utuntur,
802 535 859 583 lon-

56 618 121 670 gum
129 602 308 682 sesquipede,
317 601 403 652 latum
412 604 495 669 pede:
507 603 609 653 ceteris
620 602 728 652 duobus
740 601 860 652 Graeco-

54 684 116 720 rum
129 668 261 720 aedilicia
273 674 425 720 struuntur.
460 671 501 720 Ex
515 668 559 720 his
577 685 660 720 unum
677 670 860 736 pentadorou,

56 736 174 787 alterum
185 734 349 787 tetradoron
359 736 469 788 dicitur.
491 736 589 788 Dorou
599 742 690 787 autem
703 736 804 787 Graeci
815 750 860 800 ap·

56 803 162 870 pellant
176 803 309 868 palmum,
324 804 398 869 quod
411 819 554 854 munerum
569 804 646 854 datio
660 818 761 870 graece
776 804 861 867 δῶρον

57 869 225 937 appellatur:
243 869 273 920 id
287 876 378 921 autem
392 885 501 937 semper
514 872 621 938 geritur
633 885 683 937 per
692 886 789 920 uranus
803 870 860 936 pal-

57 953 136 988 mam.
156 936 860 1005 ltaquodestquoquoversusquinquepalmorum,

56 1003 860 1071 pentadoron,quodquatuor,tetrad0rondicitur:atquae

57 1070 244 1137 suntpnblica
253 1085 339 1137 opera
367 1072 516 1133 entadoro,
528 1087 598 1137 quae
628 1070 860 1132 rivata,tetrado-

57 1145 256 1190 restruantur.
292 1139 316 1189 4.
357 1140 418 1189 iunt
431 1146 523 1189 autern
537 1154 599 1188 cum
609 1087 658 1187 lus
670 1136 804 1187 lateribus
819 1150 861 1185 se·

56 1205 208 1267 milateria‚
222 1219 293 1272 quae
304 1221 365 1256 cum
376 1211 531 1267 struuntur,
547 1219 602 1255 una
611 1209 689 1270 parte
701 1217 715 1252 e
727 1202 861 1252 lateribus

57 1271 453 1324 ordinesalterasemilateriis
462 1277 612 1338 ponuntur:
624 1285 692 1337 ergo
702 1286 737 1321 ex
745 1276 861 1336 utraque

57 1345 149 1406 parte,
168 1339 203 1390 ad
219 1338 322 1390 lineam
341 1356 402 1391 cum
420 1346 619 1392 construuntur
633 1338 749 1389 alternis
767 1337 861 1389 choris

56 1406 190 1473 parietes,
200 1405 362 1474 alligantur,
374 1413 403 1458 et
412 1407 496 1458 medii
507 1407 610 1457 lateres
621 1422 705 1473 supra
714 1420 861 1472 coagmen·

59 1482 88 1525 ta
100 1473 235 1526 collocati
250 1480 278 1525 et
288 1474 445 1526 firmitatem
457 1480 485 1526 et
494 1475 616 1541 speciem
625 1473 733 1525 iaciunt
744 1480 860 1539 utraque

59 1547 137 1608 parts
151 1555 208 1592 non
221 1541 404 1593 invenustam.
439 1542 490 1593 Est
503 1548 595 1593 autem
605 1543 634 1591 in
644 1542 782 1607 Hispania
791 1541 861 1591 ulte-

58 1609 133 1659 riore
146 1608 247 1659 civitas
256 1609 383 1660 Maxilua
396 1611 466 1661 etin
477 1609 577 1660 Galliis
592 1615 621 1660 et
632 1609 660 1659 in
670 1609 737 1659 Asia
751 1607 860 1668 Pitane,

58 1675 106 1726 ubi
115 1675 219 1727 lateres
230 1690 290 1726 cum
301 1682 366 1727 sunt
375 1677 452 1727 ducti
462 1682 491 1727 et
501 1675 625 1738 arefacti,
636 1676 756 1742 proiecti
765 1681 862 1725 natant

59 1743 88 1792 in
98 1757 176 1808 aqua.
212 1741 315 1793 Natare
326 1749 418 1795 autem
429 1758 478 1794 ees
488 1759 571 1809 posse
581 1744 646 1795 ideo
657 1744 775 1804 ridetur,
787 1741 861 1807 quod

59 1816 135 1860 terra
143 1815 199 1871 est,
211 1809 245 1859 de
256 1825 310 1875 qua
319 1810 465 1873 ducuntur,
475 1812 630 1877 pumicosa:
648 1812 689 1861 ita
699 1825 760 1859 cum
771 1817 813 1858 est
823 1808 862 1857 le-

58 1877 114 1938 vis,
128 1879 192 1928 aire
207 1876 340 1940 solidata,
356 1892 411 1928 non
424 1879 525 1944 recipit
537 1880 565 1928 in
576 1894 606 1929 se
622 1893 672 1928 nec
686 1874 820 1927 combibit
830 1874 862 1923 li·

58 1957 181 2011 quorem.
198 1942 287 2009 lgitur
297 1945 353 1995 levi
360 1959 476 2012 raraque
486 1961 547 1996 cum
556 1946 612 1995 sint
619 1945 801 2010 proprietate,
810 1955 862 1990 nec

58 2010 198 2077 patiantur
212 2017 358 2076 penetrare
371 2013 400 2062 in
414 2028 514 2078 corpus
532 2011 670 2062 humidam
684 2014 861 2076 potestatem,

58 2091 224 2145 quocunque
233 2079 357 2144 pondere
367 2078 480 2142 fuerint,
490 2087 628 2145 coguntur
638 2078 672 2127 ab
682 2090 774 2127 rerum
784 2080 861 2124 natu-

58 2159 103 2206 ra,
117 2144 349 2211 quemadmodum
359 2162 470 2213 pumex,
485 2147 526 2196 uti
537 2146 570 2195 ab
581 2160 653 2211 aqua
662 2144 861 2194 sustineantur.

59 2209 107 2263 Sic
120 2217 212 2263 autem
227 2227 341 2280 magnas
351 2211 455 2264 habent
467 2212 617 2274 utilitates,
638 2211 712 2278 quod
726 2224 814 2278 neque
832 2211 862 2260 in

60 2277 301 2331 aedificationibus
321 2289 386 2332 sunt
404 2281 531 2341 onerosi,
550 2285 654 2331 etcum
674 2279 824 2340 ducuntur,
845 2291 862 2326 a

58 2346 270 2413 tempestatibus
281 2363 336 2399 non
347 2348 544 2399 dissolvuntur.

349 2449 401 2499 CA
413 2447 435 2500 P
445 2449 468 2500 U
479 2451 503 2499 T
534 2446 583 2499 lV.

373 2529 420 2583 De
438 2547 545 2583 aretia.

91 2599 93 2604 ¹
110 2615 140 2667 ln
154 2617 340 2668 coementitiis
358 2622 451 2667 autem
468 2616 616 2668 structuris
634 2615 753 2682 primum
767 2618 811 2664 est
828 2612 862 2663 de

58 2698 145 2735 arena
157 2683 358 2751 quaerendum,
371 2692 400 2735 ut
409 2698 442 2734 ea
452 2686 489 2736 sit
499 2685 601 2735 idonea
611 2685 646 2733 ad
656 2682 800 2733 materiam
815 2681 863 2731 mi·

58 2750 199 2814 scandam,
210 2766 299 2817 neque
309 2749 410 2801 habeat
420 2757 521 2803 terrani
532 2752 717 2802 commixtam.
754 2749 864 2800 Genera

611 2822 664 2878 C‘l
