2054 3090
296 216 424 266 LlBER
441 215 508 268 Vllt
537 213 621 268 CAP.
640 214 691 268 lv.
847 213 891 263 151

90 333 154 378 cum
169 318 198 367 in
213 317 388 369 altitudinem
401 321 574 385 perstructus
587 315 685 378 buerit,
704 315 896 382 relinquantur·

92 386 273 451 spiramenta:
293 385 318 435 si
338 386 412 436 enim
425 399 480 434 non
494 398 545 452 per
558 398 640 435 nares
651 381 751 434 humor
761 383 827 432 etin
839 381 895 431 imo

92 453 160 502 etin
171 467 276 503 summo
288 450 418 503 habuerit
427 451 528 513 exitus,
539 466 595 502 non
604 451 694 501 minus
704 451 733 501 in
743 455 894 500 novastru·

93 525 173 571 ctura
187 535 217 571 se
228 519 383 586 dissipabit.
418 519 472 570 His
482 516 628 586 perfectis,
643 517 735 586 paries
745 522 819 567 testa
828 515 893 565 trul-

92 590 207 639 lissetur
225 594 254 638 et
272 586 422 654 dirigatur,
442 592 471 637 et
482 591 549 637 tunc
562 586 683 638 tectorio
696 582 833 652 poliatur.
869 585 893 633 2.

92 655 142 707 Sin
153 660 245 705 autem
254 655 335 705 locus
345 669 401 705 non
411 654 533 721 patietur
546 658 714 704 structuram
724 652 799 715 lieri,
815 665 893 701 cana·

92 724 134 774 les
141 722 226 784 fiant,
238 727 267 772 et
275 736 357 772 nares
368 720 514 773 areaatad
523 721 616 772 locum
625 726 774 789 patentem.
797 718 893 769 ‘Dein-

93 790 128 840 de
141 790 254 856 tegulae
267 788 412 854 bipedales
426 803 462 840 cx
474 802 531 839 una
542 792 621 854 parte
642 803 726 856 supra
742 787 894 854 marginem

93 857 199 907 canalis
209 857 397 923 imponantur,
414 871 450 909 ex
460 857 550 908 altera
557 859 636 923 parte
645 854 803 907 bessalibus
812 855 895 905 later-

93 924 165 974 culis
178 924 253 989 pilae
267 923 475 987 substruuntur,
493 922 637 989 inquibus
654 923 770 974 duarum
789 920 895 990 tegula-

92 1007 153 1040 rum
172 992 267 1058 anguli
280 990 379 1042 sedero
397 991 520 1058 possint3
539 995 569 1041 at
580 990 623 1041 ita
636 1004 653 1047 a
664 991 773 1108 pariete
788 986 841 1038 hae
856 987 895 1037 di·

94 1063 181 1120 stent,
200 1063 232 1109 ut
249 1073 283 1109 nc
301 1059 364 1124 plus
381 1063 496 1124 pateant
512 1057 644 1124 palmum3
683 1057 765 1108 cinde
783 1056 902 1124 insuper.

95 1133 207 1184 erectae
221 1131 385 1176 mammatae
398 1125 512 1192 tegulae
526 1123 560 1175 ab
574 1125 631 1174 irnc
647 1124 682 1174 ad
696 1138 831 1175 summum
849 1136 896 1188 pa·

93 1193 194 1243 rietem
208 1192 340 1260 ligantur,
355 1207 471 1259 quarum
484 1191 635 1261 interiores
649 1197 743 1259 partes
758 1189 896 1241 curiosius

95 1261 231 1327 picentur‚
243 1266 273 1310 ut
282 1259 316 1310 ab
327 1274 358 1310 se
366 1263 499 1326 respuant
507 1257 657 1324 liquorem:
671 1259 738 1308 item
746 1258 775 1308 in
788 1255 857 1324 [imo
868 1262 898 1306 ct

95 1325 138 1394 in]
153 1343 258 1378 summo
274 1341 357 1394 supra
370 1341 508 1378 cameram
523 1324 644 1376 habeant
691 1326 835 1377 iramenta.
871 1322 896 1373 3.

96 1396 167 1444 Turn
187 1400 277 1445 antem
298 1395 375 1445 calce
395 1409 431 1446 ex
449 1408 522 1461 aqua
535 1392 642 1460 liquida
679 1393 837 1455 ealbcntur,
856 1391 897 1441 uti

85 1462 483 1513 ›trullissationemtestaceam
490 1475 546 1513 non
553 1466 698 1527 respuant3
708 1475 825 1529 namque
836 1473 898 1527 pro·

95 1535 158 1594 pter
180 1531 366 1591 ieiunitatem,
391 1535 525 1598 quaeest
546 1543 564 1579 a
585 1527 747 1580 fornacibus
772 1533 898 1588 excocta,

98 1595 417 1664 [trullissationem]non
426 1601 544 1664 possunt
552 1596 678 1663 recipere
688 1611 741 1647 nec
750 1595 898 1654 sustinere,

97 1665 153 1714 nisi
172 1665 235 1715 calx
248 1663 374 1715 subiecta
386 1670 518 1731 utrasque
533 1677 579 1714 res
592 1663 666 1715 inter
679 1678 710 1715 se
725 1663 899 1730 conglutinet

98 1737 128 1781 et
141 1737 226 1797 cogat
239 1731 325 1781 coire.
361 1731 578 1796 Trullissatione
588 1730 703 1781 inducta
719 1745 770 1797 pro
783 1733 898 1780 arcuato

98 1802 171 1847 testa
190 1797 340 1863 dirigatur,
360 1803 389 1847 et
408 1803 503 1848 cetera
517 1797 610 1848 omnia
625 1798 679 1860 (uti
693 1793 777 1863 s'upra
795 1795 900 1860 scripta

99 1869 163 1914 sunt
190 1864 219 1913 in
246 1863 429 1927 tectoriorum
456 1863 624 1926 rationibus)
653 1863 839 1931 perficiantur.
874 1860 899 1910 4.

100 1930 258 1998 lpsiautem
268 1930 413 1997 politioris
425 1945 522 1981 eorum
537 1935 651 1980 ornatus
680 1931 789 1996 roprias
800 1927 902 1979 debent

100 1998 204 2049 habere
227 1997 338 2047 decoris
357 1998 495 2060 rationes,
516 1998 558 2047 uti
572 2002 601 2047 et
615 1946 678 2064 [εις
693 1997 765 2048 locis
780 2001 858 2076 aptas
874 1999 903 2044 et

100 2079 233 2133 generum
245 2063 450 2114 discriminibus
461 2079 516 2114 non
531 2064 637 2115 alienas
649 2061 769 2115 babeant
782 2061 901 2130 ‹lignita-

101 2142 152 2184 tes.
188 2131 332 2182 Tricliniis
352 2129 476 2182 hibernis
496 2146 552 2181 non
566 2137 610 2182 est
621 2131 699 2181 utilis
716 2128 816 2198 [haec]
829 2144 901 2181 com-

100 2199 204 2268 positio
218 2215 271 2250 nec
283 2196 513 2266 megalographia
526 2213 578 2250 nec
596 2213 767 2250 camerarum
787 2211 902 2249 corona·

101 2270 144 2318 rio
160 2282 246 2334 opere
257 2267 368 2318 subtilis
380 2271 507 2328 ornatus,
522 2265 597 2332 quod
611 2280 646 2318 ca
659 2266 730 2317 etab
740 2266 815 2334 ignis
825 2264 901 2314 fumo

102 2344 130 2386 ct
149 2335 183 2385 ab
209 2335 344 2386 luminum
364 2332 470 2384 crebris
492 2332 657 2400 fuliginibus
680 2337 901 2400 corrumpuntur.

101 2404 132 2454 ln
146 2403 189 2454 his
206 2417 271 2453 vero
287 2417 371 2468 supra
384 2402 469 2469 podia
480 2400 560 2451 abaci
570 2415 606 2452 ex
619 2406 774 2461 atramento
784 2406 849 2450 sunt
858 2414 900 2449 su·

100 2470 216 2537 bigendi
226 2475 255 2521 et
264 2470 402 2537 poliendi,
417 2468 514 2520 cuneis
524 2467 636 2519 silaceis
647 2483 698 2519 seu
706 2466 852 2519 miniaceis
862 2464 902 2514 ln-

101 2539 258 2604 terpositis:
279 2537 418 2603 explicata
436 2549 546 2586 camera
564 2550 634 2602 pura
652 2527 681 2586 et
698 2534 799 2603 polita,
819 2532 903 2584 etiam

102 2605 321 2672 pavimentorum
341 2619 396 2656 non
414 2604 469 2655 erit
482 2603 645 2670 displicens,
665 2603 690 2654 si
703 2603 767 2670 ¹quis
780 2599 902 2653 animad-

26 2671 30 2677 '
103 2677 212 2724 vertere
239 2674 373 2737 voluerit,
404 2685 569 2740 graecorum
597 2670 633 2720 ad
659 2668 903 2723 hibernaculorum

103 2755 184 2793 usum
206 2740 320 2792 minime
339 2745 517 2808 sumptuosus
537 2744 566 2824 et
586 2738 667 2790 utilis
686 2743 845 2808 apparatus„
878 2734 903 2784 5·
