2054 3090
129 208 164 262 58
328 207 382 260 DE
408 207 742 263 ARCHITECTURA

130 312 221 378 lpsius
236 315 328 364 autem
344 311 401 362 oris
416 309 574 362 altitudinis
587 311 672 362 tertia
682 325 747 377 pars
764 314 808 361 est
824 309 861 361 ab
879 309 936 362 imo

132 390 224 429 mento
236 377 271 428 ad
280 379 350 429 imas
361 392 455 429 nares:
470 392 554 428 nasus
565 377 599 428 ab
609 377 673 429 imis
684 377 797 428 naribus
808 377 935 429 adfinem

130 446 251 496 medium
262 445 476 511 superciliorum
485 445 662 508 tantundem3
673 445 707 495 ab
717 460 750 495 ea
761 445 815 494 line
826 444 936 495 adimas

131 513 239 562 radices
251 512 354 578 capilli,
365 510 414 561 ubi
422 509 501 561 frons
513 512 641 573 efficitur,
652 512 718 561 item
728 512 829 562 tertiae
838 512 934 576 partis.

55 618 65 636 .
132 579 185 628 l'es
204 593 269 628 vero
286 578 441 629 altitudinis
457 580 584 642 corporis
595 584 705 628 sextae:
731 578 840 628 cubitus
856 593 936 643 quar-

131 653 187 695 tae:
212 646 386 710 peetusitem
398 651 521 710 quartae.
558 645 678 711 Reliqua
688 659 798 711 quoque
813 644 937 694 membra

131 709 309 762 suoshabent
319 726 494 762 commensus
510 713 716 777 proportionis,
735 712 835 792 quibus
851 711 936 762 etiam

131 779 239 843 antiqui
255 779 378 843 pictores
394 784 422 828 et
436 779 566 828 statuarii
580 778 690 828 nobiles
709 795 754 829 usr
773 793 888 844 magnas
909 784 938 828 et

130 845 253 895 infinitas
267 845 365 895 laudes
381 850 445 895 sunt
455 845 586 895 assecuti.
617 845 646 895 3.
666 845 802 897 Similiter
811 859 878 895 rero
894 859 937 895 sa-

131 926 240 962 crarum
256 912 366 962 aedium
381 910 504 961 membra
515 912 549 961 ad
560 912 717 962 universam
728 913 815 962 totius
830 912 936 978 magni-

130 979 234 1031 tudinis
244 985 378 1029 summam
389 993 425 1028 ex
438 978 563 1043 partibus
576 978 695 1046 singulis
706 979 937 1029 convenientissi-

131 1044 831 1112 mumdebcnthaberecommensuumrcsponsum.
866 1044 936 1096 ltem

132 1112 259 1180 corporis
270 1118 395 1165 centrum
404 1112 524 1162 medium
540 1112 705 1163 naturaliter
721 1118 765 1164 est
777 1112 935 1163 umbilicus.

130 1179 201 1232 Nam
221 1195 256 1231 ue
266 1181 292 1231 si
301 1178 384 1232 homo
396 1179 551 1230 collocatos
562 1179 649 1230 fuerit
664 1180 794 1246 supinus,
809 1179 937 1230 manibus

131 1253 204 1314 etpe
227 1247 287 1299 'bus
297 1248 408 1314 pansis,
425 1247 578 1313 circinique
590 1247 758 1298 collocatum
769 1253 893 1298 centrum
907 1247 937 1297 in

131 1315 264 1366 umbilico
285 1315 358 1376 eius,
381 1315 596 1381 circumagendo
613 1315 841 1366 rotundationem
863 1319 937 1364 utra·

130 1395 246 1448 rumque
265 1396 394 1431 manuum
414 1387 443 1431 et
461 1381 562 1447 pedum
581 1381 665 1450 digiti
684 1382 759 1433 linea
777 1387 935 1448 tangentur.

131 1448 194 1501 Non
209 1449 300 1499 minus
317 1448 548 1514 quemadmodum
559 1448 673 1500 schema
686 1449 892 1500 rotundationis
908 1449 937 1498 in

132 1530 250 1581 corpore
262 1515 393 1577 efficitur,
410 1515 477 1566 item
493 1517 629 1582 quadrata
639 1515 797 1584 designatio
809 1517 838 1566 in
849 1529 883 1566 eo
896 1516 937 1565 in-

129 1583 249 1634 venitur.
284 1581 354 1632 Naar
370 1583 394 1632 si
411 1597 427 1632 a
440 1584 558 1649 pedibus
573 1585 637 1634 imis
654 1584 689 1634 ad
704 1598 839 1634 summum
855 1592 938 1648 caput

131 1665 255 1701 mensum
265 1650 332 1712 erit,
348 1665 435 1717 eaque
449 1665 580 1701 mensura
593 1651 684 1702 relata
693 1649 780 1706 fuerit
790 1650 824 1699 ad
839 1664 936 1700 manus

128 1732 239 1786 pansas,
250 1717 408 1768 invenietur
418 1718 515 1768 eadem
524 1718 645 1770 latitudo
656 1718 697 1768 uti
708 1717 837 1779 altitudo,
844 1731 937 1783 qnem-

130 1785 278 1836 admodum
298 1800 394 1848 areae,
416 1800 486 1851 quae
505 1785 538 1836 ad
555 1800 679 1838 normam
692 1790 757 1836 sunt
775 1784 935 1850 quadratae.

131 1855 155 1904 4.
174 1853 250 1920 Ergo
265 1853 290 1902 si
305 1853 345 1903 ita
354 1858 454 1903 natura
464 1853 729 1918 composuitcorpus
745 1849 879 1912 hominis,
895 1851 936 1901 uti

130 1919 359 1986 proportionibus
382 1920 506 1970 membra
530 1920 565 1970 ad
584 1935 718 1969 summam
741 1918 936 1985 figurationem

132 1988 192 2039 eius
206 1988 408 2053 respondeant,
430 2002 491 2038 cum
508 2001 594 2037 causa
611 1985 791 2038 constituisse
808 1985 937 2035 videntur

131 2055 252 2121 antiqui,
268 2061 299 2105 ut
314 2055 398 2105 etiam
409 2054 438 2104 in
449 2068 564 2120 operum
574 2052 796 2120 perfectionibus
812 2051 936 2118 singulo-

52 2166 55 2173 .
129 2137 190 2172 rum
203 2122 389 2171 membrorum
403 2120 439 2171 ad
455 2122 614 2172 universam
630 2121 736 2192 figurae
751 2120 873 2185 speciem
889 2116 936 2168 ha·

130 2190 215 2239 beant
228 2202 402 2239 commensus
414 2190 598 2239 exactionem.
634 2187 724 2255 lgitur
734 2201 796 2236 cum
805 2186 834 2235 in
850 2185 935 2236 omni-

131 2257 181 2307 bus
193 2254 324 2319 operibus
336 2255 447 2305 ordines
456 2256 608 2316 traderent,
616 2255 643 2304 id
654 2253 773 2305 maxime
783 2253 812 2303 in
819 2251 935 2303 aedibus

130 2324 255 2382 deorum,
264 2319 305 2387 [ia
317 2320 423 2389 quibas]
431 2337 546 2388 operum
556 2329 585 2373 et
594 2322 691 2373 laudes
702 2324 731 2371 et
739 2319 836 2386 culpae
847 2324 935 2370 eeter-

130 2404 182 2442 nae
199 2388 293 2439 solent
311 2403 483 2455 permanere.
519 2388 544 2440 5.
563 2387 622 2440 Nec
637 2389 727 2438 minus
746 2400 936 2438 mensurarum

130 2457 269 2519 rationes,
287 2471 358 2523 quae
373 2456 401 2506 in
418 2456 545 2507 omnibus
558 2455 688 2521 operibus
699 2455 829 2505 videntur
839 2467 935 2503 neces·

129 2525 221 2577 seriae
233 2539 308 2585 esse,
321 2538 356 2574 ex
366 2524 492 2589 corporis
503 2523 633 2574 membris
643 2523 831 2589 collegerunt,
843 2520 885 2570 ati
895 2520 935 2569 di-

129 2595 226 2661 gitum,
238 2591 368 2656 palmum,
378 2591 486 2656 pedem,
498 2591 630 2651 cubitum,
638 2597 724 2640 ‘eteas
736 2586 937 2648 distribuerunt

129 2663 157 2711 in
173 2657 328 2725 perfectum
343 2673 499 2720 numerum,
516 2672 596 2724 quem
608 2656 711 2708 Graeci
721 2657 816 2704 τέλειον
830 2653 935 2706 dicunt.

131 2724 289 2778 Perfectum
306 2732 397 2776 autem
409 2725 872 2790 antiquiinstitueruntnumerum,
888 2722 935 2788 qui
