2054 3090
108 188 142 240 io
306 187 360 239 Du
381 188 715 243 ARCHITECTURA

107 305 159 408 pro
170 289 307 342 industria
316 292 470 342 studiorum
481 293 662 344 auctoritates
673 306 729 342 non
738 295 856 356 possunt
866 288 916 340 ha-

128 372 189 420 ere,
204 359 303 420 ateis,
314 359 389 424 quod
399 360 578 423 profitentur,
588 360 662 409 scire
672 359 701 409 id
713 358 851 408 credatur.
887 359 912 408 2.

107 426 231 475 Maxime
248 431 340 475 antem
356 426 386 476 id
402 427 622 477 animadvertere
637 440 785 492 possumus
797 424 831 474 ab
842 425 913 474 anti-

104 493 170 558 ·quis
185 493 328 543 statuariis
346 494 549 558 etpictoribus3
571 493 645 560 quod
661 507 697 543 ex
709 490 752 543 his
763 492 811 557 qui
821 490 911 557 digni-

109 560 176 611 tatis
196 566 278 609 notas
294 567 323 609 ct
343 560 592 612 commendationis
608 561 727 628 gratiam
746 557 912 621 habuerunt,

109 632 224 676 aeterne
233 628 367 676 memoria
378 627 413 677 ad
421 629 616 692 posteritatem
632 633 696 677 sunt
708 632 912 693 permanentes,

110 694 149 743 nti
160 694 275 759 Myron,
287 693 464 760 Polycletus,
476 693 599 756 Phidias,
608 694 749 760 Lysippus
761 693 913 758 ceterique,

110 761 156 825 qui
171 760 346 813 nobilitatem
357 777 391 812 ex
401 768 461 812 arte
471 768 536 812 sunt
543 761 696 812 consecuti.
732 758 857 825 Namque
872 759 912 809 uti

110 827 268 878 civitatibus
285 829 393 894 magnis
409 835 457 879 aut
470 828 584 896 regibus
595 834 643 878 aut
652 827 758 878 civibus
772 825 913 877 nobilibus

110 909 196 959 opera
205 893 346 956 fecerunt,
357 896 398 944 ita
406 896 435 946 id
446 903 511 945 sunt
520 895 622 962 adepti.
657 897 692 946 At
702 895 750 961 qui
760 909 816 944 non
825 895 913 943 mirm-

108 963 133 1012 ri
144 961 237 1011 studio
249 968 278 1012 et
287 962 402 1028 ingenio
413 962 584 1028 solertiaque
594 961 708 1013 fuerunt
716 960 872 1021 nobilibus,
885 969 914 1011 et

110 1027 207 1078 humili
221 1027 335 1078 fortuna
350 1030 456 1079 civibus
477 1045 532 1079 non
548 1030 638 1079 minus
659 1029 773 1096 egregie
787 1025 915 1094 perfecta

109 1095 237 1147 fecerunt
259 1109 359 1162 opera,
384 1097 488 1147 nullam
511 1097 674 1148 memoriam
698 1101 763 1149 suut
781 1094 914 1156 assecuti,

110 1163 185 1228 quod
195 1161 224 1213 hi
233 1178 289 1213 non
297 1163 330 1213 ab
340 1163 479 1214 industria
488 1178 522 1214 ne
542 1178 577 1214 ue
586 1163 778 1215 artissolertia
788 1161 838 1212 sed
849 1160 914 1211 afe-

109 1231 217 1280 licitate
228 1229 342 1281 fuerunt
353 1231 465 1292 deserti,
476 1238 508 1281 ut
546 1231 615 1281 ellas
625 1229 812 1290 Atheniensis,
824 1226 913 1296 Chion

110 1294 284 1360 Corinthius,
300 1299 439 1364 Myagrus·
452 1296 613 1361 Phocaeus,
637 1296 747 1348 Pharax
765 1292 914 1362 Ephesiui‚

109 1364 201 1414 Bedas
213 1363 382 1430 Byzantius,
398 1365 536 1431 etiamque
551 1364 711 1431 aliiplures.
747 1362 811 1419 Non
822 1363 914 1421 minus

109 1432 177 1481 item
195 1431 333 1497 pictores,
356 1432 399 1482 uti
413 1433 605 1483 Aristomenes
622 1429 756 1493 Thasius,
781 1428 914 1496 Polycles

109 1498 321 1564 Adramytenus,
331 1497 518 1550 Nicomachus
529 1499 681 1565 ceterique,
711 1513 761 1549 uos
771 1511 863 1563 neque
873 1497 914 1546 in-

110 1565 218 1615 dustria
233 1580 323 1631 neque
341 1566 409 1616 artis
424 1566 547 1617 studium
561 1581 652 1634 neque
670 1514 787 1617 sidertia
800 1563 914 1626 defecit,

110 1632 160 1683 sed
174 1638 223 1682 aut
235 1633 278 1683 rei
292 1632 439 1684 familiaris
456 1635 597 1700 exiguitas
608 1639 656 1685 aut
665 1631 844 1684 imbecillitas
858 1629 914 1681 for-

16 1715 18 1721 ·
109 1708 192 1750 tunae
208 1716 258 1751 seu
274 1701 302 1750 in
317 1700 468 1751 ambitione
480 1702 644 1752 certationis
655 1699 859 1751 contrariorum
869 1713 914 1748 su-

109 1769 218 1833 peratio
233 1768 344 1818 obstitit
357 1764 454 1818 eorum
470 1768 610 1834 dignitati.
647 1767 671 1819 3.
690 1766 750 1818 Nec
762 1771 856 1817 tamen
870 1771 915 1816 est

110 1835 313 1897 admirandum,
336 1836 359 1885 si
375 1845 490 1901 propter
503 1835 691 1902 ignorantiam
707 1834 775 1884 artis
794 1833 913 1883 virtutes

111 1903 307 1965 obscurantur3
329 1903 380 1953 sed
392 1903 511 1954 maxime
525 1902 740 1968 indignandum,
756 1914 818 1951 cum
829 1900 913 1949 etiam

110 1984 193 2037 saepe
208 1970 387 2020 blandiantur
404 1970 495 2037 gratia
511 1971 702 2020 conviviorum
718 1983 735 2017 a
748 1967 823 2017 veris
842 1966 914 2016 indi·

22 2096 25 2101 ,
110 2038 161 2087 ciis
177 2037 213 2087 ad
223 2036 321 2089 falsam
336 2036 540 2102 probationem.
574 2036 665 2102 Ergo,
682 2035 725 2085 uti
735 2033 845 2086 Socrati
855 2034 913 2100 pla-

110 2105 179 2165 cuit,
191 2106 213 2154 si
224 2105 265 2155 ita
275 2120 373 2156 sensus
385 2110 414 2154 et
424 2103 780 2168 sententiae-scientiaeque
791 2101 913 2167 discipli·

110 2172 270 2222 nis‘auctae
288 2173 454 2236 perspicuae
473 2177 503 2222 et
522 2169 683 2237 perlucidae
702 2169 836 2230 fixissent,
856 2183 913 2218 non

110 2238 202 2303 gratia
212 2252 301 2302 neque
314 2238 429 2289 anibitio
440 2237 563 2299 valeret,
578 2236 629 2288 ssd
639 2237 664 2287 si
674 2237 804 2302 quiveris
816 2235 913 2285 certis·

109 2319 161 2370 que
169 2304 311 2355 laboribus
323 2304 511 2356 doctrinarum
518 2305 712 2370 pervenissent
722 2303 757 2355 ad
767 2302 913 2354 scientiam

109 2386 253 2433 summam,
266 2372 388 2422 eisultro
400 2387 487 2438 opera
495 2372 681 2423 traderentur.
717 2370 855 2431 Quoniam
866 2385 913 2419 au·

109 2449 164 2489 tem
181 2454 215 2489 ea
229 2453 285 2488 non
302 2446 367 2490 sunt
380 2439 503 2492 illustria
516 2454 607 2506 neque
623 2438 786 2505 apparentia
794 2438 823 2487 in
833 2451 912 2502 aspe-

109 2513 167 2569 ctu,
182 2512 213 2557 ut
227 2513 355 2572 putamus
370 2507 543 2572 oportuisse,
567 2512 595 2557 et
610 2505 801 2556 animadverto
817 2505 913 2568 potius

107 2575 235 2625 indoctos
247 2590 327 2640 quam
337 2574 436 2624 doctos
447 2575 538 2640 gratia
547 2587 695 2639 superare,
708 2587 765 2622 non
774 2585 837 2621 esse
854 2587 913 2622 cer·

108 2642 220 2692 tandum
233 2642 361 2692 iudicans
379 2656 440 2692 cum
450 2641 572 2691 indoctis
583 2640 749 2701 ambitione,
763 2639 859 2704 potius
869 2637 913 2690 his

107 2709 264 2774 praeceptis
279 2709 363 2760 editis
379 2707 525 2759 ostendam
544 2714 658 2759 nostrae
676 2707 811 2758 scientiae
827 2707 912 2758 virtu·
