2054 3090
119 207 167 258 m
317 205 372 256 on
396 192 710 267 Asculanorum

117 322 215 374 aquae,
225 306 333 358 calidae
354 310 380 379 [,
396 306 488 374 paam]
503 306 631 373 sulphur,
651 305 917 387 ulomcn,·bitumen

118 373 246 444 [emittit;
255 372 312 440 qm]
325 375 494 440 eaedemque
505 390 554 440 per
563 376 693 440 potiones
704 390 766 426 cum
775 391 804 425 nr
815 384 922 440 corpus*

28 476 31 482 ·
117 445 215 504 ineunt
232 447 261 492 et
272 456 322 506 per
344 456 428 491 venas
446 441 634 506 permanando
654 452 755 493 nervos
775 442 918 508 attingunt

118 518 146 561 et
155 515 246 570 ortuo,
258 522 307 558 eoo
318 508 418 558 durant
427 507 561 573 inflando:
581 509 669 575 igitur
676 509 754 560 nervi
769 507 917 559 inflatione

116 581 259 642 turgentes
279 589 316 626 ex
334 575 381 625 lon
402 575 508 626 itudine
529 574 741 639 contrahuntur,
762 582 791 626 et
809 576 854 639 ita
869 582 920 626 aut

117 644 247 694 neuricos
271 647 319 692 aut
339 591 509 709 podagricos
533 643 655 693 efficiunt
682 641 823 705 homines,
850 634 917 692 idco

118 710 193 777 quod
207 723 242 758 ex
256 707 412 759 durissimis
427 717 456 760 et
476 709 657 774 spissioribus
670 709 919 777 frigidissimisque

117 777 199 827 rebus
209 775 340 825 intinctas
353 775 456 827 babent
464 791 596 827 venarum
605 778 744 828 raritates.
780 775 804 826 d.
822 776 918 842 Aquae

118 850 210 894 autem
222 843 331 907 species
343 850 398 905 est,
414 858 484 909 quae
495 859 556 894 cum
566 841 668 894 babeat
677 844 811 894 nonsatis
825 842 918 910 perlu-

118 911 195 962 cidas
209 924 307 971 venas,
321 925 419 975 spuma
431 911 472 960 uti
486 909 538 960 flos
552 911 670 961 natatio
684 925 804 972 sunrmo,
820 909 919 961 colore

117 977 216 1028 similis
227 976 296 1045 ⁴vitri
312 978 452 1042 purpurei.
487 976 567 1027 Haec
584 978 703 1028 maxime
722 976 919 1028 consideratur

117 1044 246 1106 Athenis,
265 1043 306 1094 ibi
321 1045 394 1094 enim
409 1059 444 1095 ex
458 1043 595 1094 eiusmodi
610 1044 681 1095 locis
700 1051 730 1095 et
747 1042 873 1095 fontibus
887 1044 918 1094 in

117 1114 187 1178 Asty
202 1118 230 1161 et
244 1109 279 1160 ad
293 1117 403 1176 portum
413 1110 560 1160 Piraeeum
570 1110 648 1162 ducti
660 1118 726 1162 cunt
738 1110 887 1173 salientes,
902 1125 918 1160 e

118 1180 217 1246 quibus
227 1177 298 1228 bibit
307 1192 388 1227 nemo
402 1184 516 1244 propter
531 1191 592 1227 eam
602 1193 728 1241 causam,
740 1177 791 1229 sed
800 1177 918 1228 lavatio·

117 1247 199 1296 nibus
210 1251 239 1295 et
248 1244 364 1309 reliquis
373 1245 457 1295 rebus
467 1251 594 1295 utuntur:
613 1245 815 1296 bibuntautem
824 1259 908 1311 expo

117 1313 184 1375 teis,
197 1311 565 1362 etitavitanteorumvitia
601 1313 748 1363 Troezene
758 1321 813 1362 nou
821 1317 919 1378 potest
937 1366 941 1373 ,

117 1379 149 1432 id
159 1378 256 1439 vitari,
271 1378 346 1443 quod
357 1379 468 1427 omnino
481 1378 559 1428 allud
568 1388 656 1445 genus
671 1392 825 1447 aquaenon
838 1393 919 1444 repe·

118 1447 189 1496 ritnr
199 1444 254 1494 nisi
263 1444 338 1510 quod
349 1444 458 1495 Cibdeli
472 1443 587 1509 habent,
602 1446 698 1512 itaque
712 1447 741 1496 in
755 1460 790 1495 ea
801 1441 918 1511 civitate

119 1519 167 1562 cut
178 1524 274 1562 omnes
285 1517 333 1560 eut
341 1511 462 1562 maxima
471 1527 506 1564 ex
517 1518 598 1579 parte
608 1514 673 1564 sunt
681 1512 798 1580 pedibus
811 1512 917 1563 vitiosi.

118 1577 234 1629 Ciliciae
244 1590 310 1629 vero
322 1576 435 1629 civitate
445 1579 536 1630 Tarso
550 1577 653 1632 flumen
669 1587 713 1631 cst
723 1579 835 1630 nominc
846 1576 917 1645 Cyd·

117 1660 182 1707 nos,
196 1645 289 1710 inquo
300 1643 446 1712 podagrici
458 1660 539 1697 crure
548 1653 722 1711 macerantes
730 1639 859 1698 levantur
869 1644 917 1696 do·

117 1713 186 1763 loro.
222 1713 247 1763 t.
267 1711 337 1764 Sunt
348 1720 440 1763 autem
449 1719 479 1765 et
488 1712 546 1763 alia
554 1714 641 1765 multo
670 1722 917 1779 enero,quaesuas

116 1776 220 1831 habent
232 1779 433 1846 proprietates,
448 1781 490 1830 uti
503 1780 532 1830 in
542 1779 641 1831 Sicilia
649 1730 755 1831 buaren
768 1786 813 1831 est
821 1774 918 1830 Hime-

116 1862 175 1910 ras,
187 1846 263 1913 quod
277 1862 294 1897 a
306 1845 385 1897 fonte
402 1862 463 1897 cum
477 1854 521 1898 cit
535 1862 726 1914 progressum,
741 1844 875 1897 dividitur
887 1842 916 1896 in

116 1914 184 1965 duae
203 1920 310 1980 partes3
330 1928 401 1979 quae
423 1928 487 1979 pars
506 1912 620 1979 profluit
635 1921 734 1965 contra
745 1907 916 1974 Hetruriam,

116 1981 191 2046 quod
200 1995 250 2046 per
259 1987 351 2032 terrae
363 1980 472 2032 dulcem
486 1992 598 2031 succum
608 1981 758 2046 percurrit,
772 1987 816 2032 est
825 1974 916 2040 infini-

116 2055 145 2097 ta
155 2048 315 2109 dnlcedine;
327 2047 415 2098 altera
423 2063 497 2164 pars,
508 2058 578 2164 {uae
588 2063 637 2115 per
648 2063 708 2098 eam
716 2054 820 2099 terram
830 2046 918 2099 currit

115 2115 189 2165 unde
202 2114 246 2165 sul
258 2114 377 2176 foditur,
393 2130 424 2165 sa
436 2130 496 2165 sum
531 2114 596 2166 abet
609 2130 746 2182 saporem.
781 2109 851 2166 Item
863 2108 916 2164 Pa-

114 2183 243 2231 raetonio
255 2187 284 2231 et
294 2179 369 2246 quod
380 2188 423 2232 est
431 2183 487 2232 iter
496 2181 532 2232 ad
541 2181 737 2244 Hammonem,
748 2189 777 2231 et
787 2174 871 2231 Casio
880 2179 916 2245 ad

114 2248 270 2313 Aegyptum
281 2247 358 2298 lacus
369 2254 433 2299 sunt
443 2247 595 2313 palustres,
609 2250 656 2315 qui
667 2245 707 2300 ita
716 2256 781 2298 sunt
790 2244 873 2309 salsi,
885 2253 917 2297 ut

114 2311 306 2365 babeantinsu
328 2329 358 2365 er
368 2328 399 2365 se
409 2315 687 2382 solemcongelctum.
722 2308 914 2382 Sunt[autem]

115 2387 144 2430 et
158 2381 221 2431 aliis
236 2329 363 2448 pluribus
378 2381 450 2433 locis
465 2388 495 2433 et
507 2381 600 2434 fontes
615 2389 644 2434 et
657 2381 770 2433 flumina
785 2387 814 2432 et
827 2376 916 2442 locun

114 2449 161 2513 qui
175 2460 225 2515 per
238 2448 307 2499 cells
322 2446 433 2500 fodinas
453 2457 647 2515 percurrentes
666 2449 827 2500 necessario
847 2445 933 2498 salsi·

113 2516 303 2581 perficiuntur.
339 2514 363 2566 8.
381 2516 437 2566 Alii
450 2524 543 2568 cutem
557 2533 607 2584 per
620 2519 738 2584 pingues
758 2522 851 2567 terrac
870 2529 915 2565 re-

114 2599 162 2632 nus
172 2582 345 2649 profluentes
355 2583 432 2634 uncti
443 2584 507 2635 olco
517 2584 610 2636 fontes
621 2591 776 2651 erumpunt,
788 2583 829 2635 uti
839 2578 916 2642 Solis

114 2650 201 2716 (quod
217 2651 348 2717 oppidum
362 2655 406 2701 est
416 2650 544 2717 Ciliciae)
559 2647 660 2704 flunrcn
675 2646 916 2717 nominabimus,

89 2750 91 2754 .
114 2719 140 2768 in
156 2733 211 2784 quo
225 2723 353 2769 natantes
364 2723 413 2771 aut
422 2718 547 2771 lavantes
561 2720 600 2787 ab,
609 2720 671 2781 ipso
684 2735 756 2786 aqua
765 2723 916 2787 unguntur.
