<?xml version="1.0" encoding="UTF-8"?>
<!DOCTYPE html PUBLIC "-//W3C//DTD XHTML 1.0 Transitional//EN"
    "http://www.w3.org/TR/xhtml1/DTD/xhtml1-transitional.dtd">
<html xmlns="http://www.w3.org/1999/xhtml" xml:lang="en" lang="en">
 <head>
  <title>
</title>
<meta http-equiv="Content-Type" content="text/html;charset=utf-8" />
  <meta name='ocr-system' content='tesseract 3.04.00' />
  <meta name='ocr-capabilities' content='ocr_page ocr_carea ocr_par ocr_line ocrx_word'/>
</head>
<body>
  <div class='ocr_page' id='page_1' title='image "./dearchitectural00pollgoog_0166.png"; bbox 0 0 2054 3090; ppageno 0'>
   <div class='ocr_carea' id='block_1_1' title="bbox 306 181 911 248">
    <p class='ocr_par' dir='ltr' id='par_1_1' title="bbox 306 181 911 248">
     <span class='ocr_line' id='line_1_1' title="bbox 306 181 911 248; baseline -0.002 -13"><span class='ocrx_word' id='word_1_1' title='bbox 306 181 439 236; x_wconf 66' lang='lat' dir='ltr'>claua</span> <span class='ocrx_word' id='word_1_2' title='bbox 453 183 521 248; x_wconf 71' lang='lat' dir='ltr'>W·</span> <span class='ocrx_word' id='word_1_3' title='bbox 550 182 736 244; x_wconf 63' lang='lat' dir='ltr'>canunt.</span> <span class='ocrx_word' id='word_1_4' title='bbox 845 181 911 242; x_wconf 21' lang='lat'>⁴161</span> 
     </span>
    </p>
   </div>
   <div class='ocr_carea' id='block_1_2' title="bbox 106 284 914 1003">
    <p class='ocr_par' dir='ltr' id='par_1_2' title="bbox 106 284 914 1003">
     <span class='ocr_line' id='line_1_2' title="bbox 111 284 912 351; baseline 0.001 -17"><span class='ocrx_word' id='word_1_5' title='bbox 111 291 155 334; x_wconf 86' lang='lat' dir='ltr'>tes</span> <span class='ocrx_word' id='word_1_6' title='bbox 167 290 248 334; x_wconf 88' lang='lat' dir='ltr'>aceto</span> <span class='ocrx_word' id='word_1_7' title='bbox 258 284 365 335; x_wconf 83' lang='lat' dir='ltr'>suffuso</span> <span class='ocrx_word' id='word_1_8' title='bbox 377 302 410 336; x_wconf 85' lang='lat' dir='ltr'>su</span> <span class='ocrx_word' id='word_1_9' title='bbox 429 301 460 336; x_wconf 86' lang='lat' dir='ltr'>ra</span> <span class='ocrx_word' id='word_1_10' title='bbox 469 290 610 335; x_wconf 86' lang='lat' dir='ltr'>sarmenta</span> <span class='ocrx_word' id='word_1_11' title='bbox 619 286 760 336; x_wconf 90' lang='lat' dir='ltr'>collocant</span> <span class='ocrx_word' id='word_1_12' title='bbox 769 285 912 351; x_wconf 84' lang='lat' dir='ltr'>plumbeas</span> 
     </span>
     <span class='ocr_line' id='line_1_3' title="bbox 109 301 911 419; baseline 0.001 -19"><span class='ocrx_word' id='word_1_13' title='bbox 109 367 234 414; x_wconf 82' lang='lat' dir='ltr'>massas3</span> <span class='ocrx_word' id='word_1_14' title='bbox 254 351 355 402; x_wconf 88' lang='lat' dir='ltr'>deinde</span> <span class='ocrx_word' id='word_1_15' title='bbox 370 301 448 405; x_wconf 56' lang='lat' dir='ltr'>dofle</span> <span class='ocrx_word' id='word_1_16' title='bbox 461 352 601 419; x_wconf 69' lang='lat' dir='ltr'>operculis</span> <span class='ocrx_word' id='word_1_17' title='bbox 616 352 761 414; x_wconf 86' lang='lat' dir='ltr'>obturant,</span> <span class='ocrx_word' id='word_1_18' title='bbox 776 367 810 401; x_wconf 91' lang='lat' dir='ltr'>ne</span> <span class='ocrx_word' id='word_1_19' title='bbox 825 353 911 417; x_wconf 86' lang='lat' dir='ltr'>spira-</span> 
     </span>
     <span class='ocr_line' id='line_1_4' title="bbox 110 415 911 485; baseline 0.001 -17"><span class='ocrx_word' id='word_1_20' title='bbox 110 426 233 468; x_wconf 81' lang='lat' dir='ltr'><strong>mentum</strong></span> <span class='ocrx_word' id='word_1_21' title='bbox 248 415 433 485; x_wconf 83' lang='lat' dir='ltr'>[obturatum]</span> <span class='ocrx_word' id='word_1_22' title='bbox 456 420 574 478; x_wconf 85' lang='lat' dir='ltr'>emittat:</span> <span class='ocrx_word' id='word_1_23' title='bbox 594 425 659 485; x_wconf 80' lang='lat' dir='ltr'>post</span> <span class='ocrx_word' id='word_1_24' title='bbox 678 424 784 470; x_wconf 86' lang='lat' dir='ltr'>certum</span> <span class='ocrx_word' id='word_1_25' title='bbox 802 425 911 484; x_wconf 74' lang='lat' dir='ltr'>tempus</span> 
     </span>
     <span class='ocr_line' id='line_1_5' title="bbox 109 486 910 553; baseline 0.001 -19"><span class='ocrx_word' id='word_1_26' title='bbox 109 486 269 550; x_wconf 81' lang='lat' dir='ltr'>aperientes</span> <span class='ocrx_word' id='word_1_27' title='bbox 288 486 432 535; x_wconf 78' lang='lat' dir='ltr'>inveniunt</span> <span class='ocrx_word' id='word_1_28' title='bbox 450 500 466 536; x_wconf 89' lang='lat' dir='ltr'>e</span> <span class='ocrx_word' id='word_1_29' title='bbox 483 486 583 537; x_wconf 82' lang='lat' dir='ltr'>massis</span> <span class='ocrx_word' id='word_1_30' title='bbox 603 486 738 553; x_wconf 76' lang='lat' dir='ltr'>plumbeis</span> <span class='ocrx_word' id='word_1_31' title='bbox 760 499 910 536; x_wconf 84' lang='lat' dir='ltr'>cerussam.</span> 
     </span>
     <span class='ocr_line' id='line_1_6' title="bbox 110 551 914 610; baseline 0.001 -9"><span class='ocrx_word' id='word_1_32' title='bbox 110 553 215 602; x_wconf 84' lang='lat' dir='ltr'>Eadem</span> <span class='ocrx_word' id='word_1_33' title='bbox 225 551 335 604; x_wconf 85' lang='lat' dir='ltr'>ratione</span> <span class='ocrx_word' id='word_1_34' title='bbox 346 552 474 604; x_wconf 72' lang='lat' dir='ltr'>lamellas</span> <span class='ocrx_word' id='word_1_35' title='bbox 489 567 587 610; x_wconf 76' lang='lat' dir='ltr'>aereas</span> <span class='ocrx_word' id='word_1_36' title='bbox 602 553 779 604; x_wconf 70' lang='lat' dir='ltr'><strong>collocantes</strong></span> <span class='ocrx_word' id='word_1_37' title='bbox 792 553 914 603; x_wconf 87' lang='lat' dir='ltr'>efficiunt</span> 
     </span>
     <span class='ocr_line' id='line_1_7' title="bbox 110 619 913 687; baseline 0.001 -19"><span class='ocrx_word' id='word_1_38' title='bbox 110 621 286 686; x_wconf 82' lang='lat' dir='ltr'>aeruginem,</span> <span class='ocrx_word' id='word_1_39' title='bbox 298 633 369 686; x_wconf 84' lang='lat' dir='ltr'>quae</span> <span class='ocrx_word' id='word_1_40' title='bbox 380 633 483 670; x_wconf 89' lang='lat' dir='ltr'>aeruca</span> <span class='ocrx_word' id='word_1_41' title='bbox 492 619 656 687; x_wconf 80' lang='lat' dir='ltr'>appellatur.</span> <span class='ocrx_word' id='word_1_42' title='bbox 693 623 718 670; x_wconf 79' lang='lat' dir='ltr'>l.</span> <span class='ocrx_word' id='word_1_43' title='bbox 738 619 913 671; x_wconf 82' lang='lat' dir='ltr'>Cerussave-</span> 
     </span>
     <span class='ocr_line' id='line_1_8' title="bbox 109 684 913 754; baseline 0 -18"><span class='ocrx_word' id='word_1_44' title='bbox 109 701 142 745; x_wconf 82' lang='lat' dir='ltr'>ro</span> <span class='ocrx_word' id='word_1_45' title='bbox 154 701 215 736; x_wconf 91' lang='lat' dir='ltr'>cum</span> <span class='ocrx_word' id='word_1_46' title='bbox 225 685 255 737; x_wconf 89' lang='lat' dir='ltr'>iu</span> <span class='ocrx_word' id='word_1_47' title='bbox 266 684 382 736; x_wconf 80' lang='lat' dir='ltr'>fornace</span> <span class='ocrx_word' id='word_1_48' title='bbox 400 687 542 753; x_wconf 82' lang='lat' dir='ltr'>coquitur,</span> <span class='ocrx_word' id='word_1_49' title='bbox 554 693 661 738; x_wconf 86' lang='lat' dir='ltr'>mutato</span> <span class='ocrx_word' id='word_1_50' title='bbox 679 687 776 738; x_wconf 88' lang='lat' dir='ltr'>colore</span> <span class='ocrx_word' id='word_1_51' title='bbox 790 686 824 737; x_wconf 89' lang='lat' dir='ltr'>ad</span> <span class='ocrx_word' id='word_1_52' title='bbox 839 686 913 754; x_wconf 81' lang='lat' dir='ltr'>ignis</span> 
     </span>
     <span class='ocr_line' id='line_1_9' title="bbox 109 752 912 815; baseline 0.001 -13"><span class='ocrx_word' id='word_1_53' title='bbox 109 752 270 803; x_wconf 86' lang='lat' dir='ltr'>incendium</span> <span class='ocrx_word' id='word_1_54' title='bbox 286 753 407 803; x_wconf 82' lang='lat' dir='ltr'>efficitur</span> <span class='ocrx_word' id='word_1_55' title='bbox 420 753 581 815; x_wconf 75' lang='lat' dir='ltr'>sandaraca.</span> <span class='ocrx_word' id='word_1_56' title='bbox 617 754 649 805; x_wconf 87' lang='lat' dir='ltr'>ld</span> <span class='ocrx_word' id='word_1_57' title='bbox 670 759 762 804; x_wconf 83' lang='lat' dir='ltr'>autem</span> <span class='ocrx_word' id='word_1_58' title='bbox 781 753 912 804; x_wconf 88' lang='lat' dir='ltr'>incendio</span> 
     </span>
     <span class='ocr_line' id='line_1_10' title="bbox 108 818 912 884; baseline 0 -15"><span class='ocrx_word' id='word_1_59' title='bbox 108 819 186 870; x_wconf 82' lang='lat' dir='ltr'>iacto</span> <span class='ocrx_word' id='word_1_60' title='bbox 202 833 238 870; x_wconf 88' lang='lat' dir='ltr'>ex</span> <span class='ocrx_word' id='word_1_61' title='bbox 251 833 318 869; x_wconf 88' lang='lat' dir='ltr'>casu</span> <span class='ocrx_word' id='word_1_62' title='bbox 332 818 491 871; x_wconf 86' lang='lat' dir='ltr'>didicerunt</span> <span class='ocrx_word' id='word_1_63' title='bbox 502 818 644 884; x_wconf 86' lang='lat' dir='ltr'>homines,</span> <span class='ocrx_word' id='word_1_64' title='bbox 665 825 695 871; x_wconf 84' lang='lat' dir='ltr'>et</span> <span class='ocrx_word' id='word_1_65' title='bbox 716 835 753 875; x_wconf 87' lang='lat' dir='ltr'>ea</span> <span class='ocrx_word' id='word_1_66' title='bbox 768 820 912 872; x_wconf 86' lang='lat' dir='ltr'>meliorem</span> 
     </span>
     <span class='ocr_line' id='line_1_11' title="bbox 106 887 914 1003; baseline 0.001 -67"><span class='ocrx_word' id='word_1_67' title='bbox 106 891 338 1003; x_wconf 50' lang='lat' dir='ltr'>usgmpraestat,</span> <span class='ocrx_word' id='word_1_68' title='bbox 359 901 441 953; x_wconf 90' lang='lat' dir='ltr'>quam</span> <span class='ocrx_word' id='word_1_69' title='bbox 455 900 525 958; x_wconf 84' lang='lat' dir='ltr'>quae</span> <span class='ocrx_word' id='word_1_70' title='bbox 541 887 576 938; x_wconf 89' lang='lat' dir='ltr'>de</span> <span class='ocrx_word' id='word_1_71' title='bbox 594 887 716 948; x_wconf 82' lang='lat' dir='ltr'>metallis</span> <span class='ocrx_word' id='word_1_72' title='bbox 734 901 830 962; x_wconf 78' lang='lat' dir='ltr'>perse</span> <span class='ocrx_word' id='word_1_73' title='bbox 849 891 914 938; x_wconf 86' lang='lat' dir='ltr'>n&#39;ata</span> 
     </span>
     <span class='ocr_line' id='line_1_12' title="bbox 120 954 222 1003; baseline -0.01 0"><span class='ocrx_word' id='word_1_74' title='bbox 120 968 136 1003; x_wconf 91' lang='grc' dir='ltr'>ο</span> <span class='ocrx_word' id='word_1_75' title='bbox 158 954 222 1003; x_wconf 88' lang='lat' dir='ltr'>itur.</span> 
     </span>
    </p>
   </div>
   <div class='ocr_carea' id='block_1_3' title="bbox 367 1028 636 1107">
    <p class='ocr_par' dir='ltr' id='par_1_3' title="bbox 367 1028 636 1107">
     <span class='ocr_line' id='line_1_13' title="bbox 367 1028 636 1107; baseline 0.007 -2"><span class='ocrx_word' id='word_1_76' title='bbox 367 1028 523 1106; x_wconf 68' lang='lat' dir='ltr'>‘curor</span> <span class='ocrx_word' id='word_1_77' title='bbox 550 1053 636 1107; x_wconf 78' lang='lat' dir='ltr'>uua</span> 
     </span>
    </p>
   </div>
   <div class='ocr_carea' id='block_1_4' title="bbox 413 1135 607 1205">
    <p class='ocr_par' dir='ltr' id='par_1_4' title="bbox 413 1135 607 1205">
     <span class='ocr_line' id='line_1_14' title="bbox 413 1135 607 1205; baseline 0.005 -17"><span class='ocrx_word' id='word_1_78' title='bbox 413 1135 607 1205; x_wconf 71' lang='lat' dir='ltr'>Deortre.</span> 
     </span>
    </p>
   </div>
   <div class='ocr_carea' id='block_1_5' title="bbox 108 1218 916 2693">
    <p class='ocr_par' dir='ltr' id='par_1_5' title="bbox 108 1218 916 2693">
     <span class='ocr_line' id='line_1_15' title="bbox 161 1218 913 1288; baseline 0 -18"><span class='ocrx_word' id='word_1_79' title='bbox 161 1220 294 1288; x_wconf 82' lang='lat' dir='ltr'>incipiam</span> <span class='ocrx_word' id='word_1_80' title='bbox 310 1235 382 1272; x_wconf 89' lang='lat' dir='ltr'>nunc</span> <span class='ocrx_word' id='word_1_81' title='bbox 397 1221 432 1272; x_wconf 87' lang='lat' dir='ltr'>de</span> <span class='ocrx_word' id='word_1_82' title='bbox 448 1227 526 1272; x_wconf 90' lang='lat' dir='ltr'>ostro</span> <span class='ocrx_word' id='word_1_83' title='bbox 542 1221 649 1283; x_wconf 86' lang='lat' dir='ltr'>dicere,</span> <span class='ocrx_word' id='word_1_84' title='bbox 669 1218 744 1286; x_wconf 81' lang='lat' dir='ltr'>quod</span> <span class='ocrx_word' id='word_1_85' title='bbox 759 1224 789 1270; x_wconf 90' lang='lat' dir='ltr'>et</span> <span class='ocrx_word' id='word_1_86' title='bbox 801 1219 913 1271; x_wconf 89' lang='lat' dir='ltr'>carissi-</span> 
     </span>
     <span class='ocr_line' id='line_1_16' title="bbox 108 1284 912 1355; baseline 0 -17"><span class='ocrx_word' id='word_1_87' title='bbox 108 1303 181 1338; x_wconf 89' lang='lat' dir='ltr'>mam</span> <span class='ocrx_word' id='word_1_88' title='bbox 197 1292 226 1338; x_wconf 91' lang='lat' dir='ltr'>et</span> <span class='ocrx_word' id='word_1_89' title='bbox 238 1287 501 1339; x_wconf 80' lang='lat' dir='ltr'>excellentissimam</span> <span class='ocrx_word' id='word_1_90' title='bbox 514 1286 599 1339; x_wconf 85' lang='lat' dir='ltr'>habet</span> <span class='ocrx_word' id='word_1_91' title='bbox 608 1293 720 1355; x_wconf 78' lang='lat' dir='ltr'>praeter</span> <span class='ocrx_word' id='word_1_92' title='bbox 735 1284 787 1339; x_wconf 86' lang='lat' dir='ltr'>hos</span> <span class='ocrx_word' id='word_1_93' title='bbox 801 1285 912 1339; x_wconf 86' lang='lat' dir='ltr'>colores</span> 
     </span>
     <span class='ocr_line' id='line_1_17' title="bbox 110 1352 911 1422; baseline 0.001 -17"><span class='ocrx_word' id='word_1_94' title='bbox 110 1361 240 1421; x_wconf 85' lang='lat' dir='ltr'>aspectus</span> <span class='ocrx_word' id='word_1_95' title='bbox 251 1356 426 1406; x_wconf 84' lang='lat' dir='ltr'>suavitatem.</span> <span class='ocrx_word' id='word_1_96' title='bbox 461 1354 595 1407; x_wconf 82' lang='lat' dir='ltr'>lrlautem</span> <span class='ocrx_word' id='word_1_97' title='bbox 605 1353 743 1422; x_wconf 80' lang='lat' dir='ltr'>excipitur</span> <span class='ocrx_word' id='word_1_98' title='bbox 752 1352 911 1422; x_wconf 81' lang='lat' dir='ltr'>exconclry-</span> 
     </span>
     <span class='ocr_line' id='line_1_18' title="bbox 110 1421 912 1489; baseline -0.001 -17"><span class='ocrx_word' id='word_1_99' title='bbox 110 1423 280 1486; x_wconf 86' lang='lat' dir='ltr'>liomarino‚</span> <span class='ocrx_word' id='word_1_100' title='bbox 297 1437 378 1489; x_wconf 90' lang='lat' dir='ltr'>equo</span> <span class='ocrx_word' id='word_1_101' title='bbox 388 1436 510 1489; x_wconf 83' lang='lat' dir='ltr'>purpura</span> <span class='ocrx_word' id='word_1_102' title='bbox 518 1422 653 1484; x_wconf 89' lang='lat' dir='ltr'>inlicitur,</span> <span class='ocrx_word' id='word_1_103' title='bbox 669 1421 748 1472; x_wconf 90' lang='lat' dir='ltr'>cuius</span> <span class='ocrx_word' id='word_1_104' title='bbox 758 1436 816 1477; x_wconf 86' lang='lat' dir='ltr'>non</span> <span class='ocrx_word' id='word_1_105' title='bbox 824 1421 912 1472; x_wconf 87' lang='lat' dir='ltr'>mino-</span> 
     </span>
     <span class='ocr_line' id='line_1_19' title="bbox 111 1488 911 1551; baseline 0 -12"><span class='ocrx_word' id='word_1_106' title='bbox 111 1504 157 1539; x_wconf 90' lang='lat' dir='ltr'>res</span> <span class='ocrx_word' id='word_1_107' title='bbox 178 1496 243 1540; x_wconf 90' lang='lat' dir='ltr'>sunt</span> <span class='ocrx_word' id='word_1_108' title='bbox 280 1505 343 1540; x_wconf 91' lang='lat' dir='ltr'>nam</span> <span class='ocrx_word' id='word_1_109' title='bbox 363 1496 519 1551; x_wconf 79' lang='lat' dir='ltr'>ceterarum</span> <span class='ocrx_word' id='word_1_110' title='bbox 538 1496 654 1541; x_wconf 83' lang='lat' dir='ltr'>naturae</span> <span class='ocrx_word' id='word_1_111' title='bbox 672 1503 766 1539; x_wconf 90' lang='lat' dir='ltr'>rerum</span> <span class='ocrx_word' id='word_1_112' title='bbox 784 1488 911 1540; x_wconf 85' lang='lat' dir='ltr'>conside·</span> 
     </span>
     <span class='ocr_line' id='line_1_20' title="bbox 108 1505 912 1624; baseline 0 -18"><span class='ocrx_word' id='word_1_113' title='bbox 108 1556 235 1607; x_wconf 88' lang='lat' dir='ltr'>rantibus</span> <span class='ocrx_word' id='word_1_114' title='bbox 249 1505 460 1620; x_wconf 49' lang='lat' dir='ltr'>effimirationem</span> <span class='ocrx_word' id='word_1_115' title='bbox 480 1556 555 1624; x_wconf 89' lang='lat' dir='ltr'>quod</span> <span class='ocrx_word' id='word_1_116' title='bbox 570 1555 655 1608; x_wconf 80' lang='lat' dir='ltr'>habet</span> <span class='ocrx_word' id='word_1_117' title='bbox 666 1571 723 1607; x_wconf 89' lang='lat' dir='ltr'>non</span> <span class='ocrx_word' id='word_1_118' title='bbox 737 1555 767 1606; x_wconf 89' lang='lat' dir='ltr'>ln</span> <span class='ocrx_word' id='word_1_119' title='bbox 784 1555 912 1607; x_wconf 71' lang='lat' dir='ltr'>omnibus</span> 
     </span>
     <span class='ocr_line' id='line_1_21' title="bbox 111 1623 911 1691; baseline 0.003 -19"><span class='ocrx_word' id='word_1_120' title='bbox 111 1624 183 1673; x_wconf 88' lang='lat' dir='ltr'>locis</span> <span class='ocrx_word' id='word_1_121' title='bbox 196 1623 295 1690; x_wconf 90' lang='lat' dir='ltr'>quibus</span> <span class='ocrx_word' id='word_1_122' title='bbox 305 1624 430 1675; x_wconf 88' lang='lat' dir='ltr'>nascitur</span> <span class='ocrx_word' id='word_1_123' title='bbox 438 1624 520 1675; x_wconf 90' lang='lat' dir='ltr'>unlus</span> <span class='ocrx_word' id='word_1_124' title='bbox 530 1625 642 1691; x_wconf 86' lang='lat' dir='ltr'>generis</span> <span class='ocrx_word' id='word_1_125' title='bbox 653 1623 790 1685; x_wconf 89' lang='lat' dir='ltr'>colorem,</span> <span class='ocrx_word' id='word_1_126' title='bbox 806 1623 857 1674; x_wconf 89' lang='lat' dir='ltr'>scd</span> <span class='ocrx_word' id='word_1_127' title='bbox 867 1637 911 1673; x_wconf 90' lang='lat' dir='ltr'>so·</span> 
     </span>
     <span class='ocr_line' id='line_1_22' title="bbox 109 1689 913 1759; baseline 0 -19"><span class='ocrx_word' id='word_1_128' title='bbox 109 1691 144 1740; x_wconf 93' lang='lat' dir='ltr'>lis</span> <span class='ocrx_word' id='word_1_129' title='bbox 168 1705 251 1740; x_wconf 89' lang='lat' dir='ltr'>cursu</span> <span class='ocrx_word' id='word_1_130' title='bbox 273 1690 438 1741; x_wconf 74' lang='lat' dir='ltr'>naturaliter</span> <span class='ocrx_word' id='word_1_131' title='bbox 460 1696 639 1757; x_wconf 82' lang='lat' dir='ltr'>temperatur.</span> <span class='ocrx_word' id='word_1_132' title='bbox 674 1690 699 1741; x_wconf 81' lang='lat'>2.</span> <span class='ocrx_word' id='word_1_133' title='bbox 717 1689 814 1756; x_wconf 87' lang='lat' dir='ltr'>ltaque</span> <span class='ocrx_word' id='word_1_134' title='bbox 836 1689 913 1759; x_wconf 78' lang='lat' dir='ltr'>quod</span> 
     </span>
     <span class='ocr_line' id='line_1_23' title="bbox 110 1755 913 1823; baseline -0.002 -17"><span class='ocrx_word' id='word_1_135' title='bbox 110 1758 215 1823; x_wconf 86' lang='lat' dir='ltr'>legitur</span> <span class='ocrx_word' id='word_1_136' title='bbox 228 1756 319 1807; x_wconf 88' lang='lat' dir='ltr'>Ponto</span> <span class='ocrx_word' id='word_1_137' title='bbox 341 1762 375 1807; x_wconf 89' lang='lat' dir='ltr'>et·</span> <span class='ocrx_word' id='word_1_138' title='bbox 384 1756 509 1821; x_wconf 85' lang='lat' dir='ltr'>Galatia,</span> <span class='ocrx_word' id='word_1_139' title='bbox 530 1757 605 1823; x_wconf 88' lang='lat' dir='ltr'>quod</span> <span class='ocrx_word' id='word_1_140' title='bbox 624 1756 676 1806; x_wconf 87' lang='lat' dir='ltr'>hac</span> <span class='ocrx_word' id='word_1_141' title='bbox 695 1755 828 1822; x_wconf 75' lang='lat' dir='ltr'>regiones</span> <span class='ocrx_word' id='word_1_142' title='bbox 847 1761 913 1806; x_wconf 87' lang='lat' dir='ltr'>sunt</span> 
     </span>
     <span class='ocr_line' id='line_1_24' title="bbox 109 1821 912 1890; baseline -0.004 -17"><span class='ocrx_word' id='word_1_143' title='bbox 109 1825 254 1890; x_wconf 80' lang='lat' dir='ltr'>proximae</span> <span class='ocrx_word' id='word_1_144' title='bbox 265 1823 300 1875; x_wconf 82' lang='lat' dir='ltr'>erl</span> <span class='ocrx_word' id='word_1_145' title='bbox 310 1824 544 1888; x_wconf 71' lang='lat' dir='ltr'>septentrionem,</span> <span class='ocrx_word' id='word_1_146' title='bbox 554 1829 600 1874; x_wconf 81' lang='lat' dir='ltr'>est</span> <span class='ocrx_word' id='word_1_147' title='bbox 608 1829 711 1874; x_wconf 71' lang='lat' dir='ltr'>amm:</span> <span class='ocrx_word' id='word_1_148' title='bbox 730 1821 912 1888; x_wconf 78' lang='lat' dir='ltr'>progredien-</span> 
     </span>
     <span class='ocr_line' id='line_1_25' title="bbox 110 1889 913 1942; baseline -0.001 -2"><span class='ocrx_word' id='word_1_149' title='bbox 110 1890 186 1941; x_wconf 83' lang='lat' dir='ltr'>tibus</span> <span class='ocrx_word' id='word_1_150' title='bbox 203 1890 277 1941; x_wconf 81' lang='lat' dir='ltr'>inter</span> <span class='ocrx_word' id='word_1_151' title='bbox 296 1903 326 1941; x_wconf 82' lang='lat' dir='ltr'>se</span> <span class='ocrx_word' id='word_1_152' title='bbox 346 1890 516 1942; x_wconf 80' lang='lat' dir='ltr'>tentrionem</span> <span class='ocrx_word' id='word_1_153' title='bbox 533 1896 567 1940; x_wconf 82' lang='lat' dir='ltr'>et</span> <span class='ocrx_word' id='word_1_154' title='bbox 580 1889 755 1941; x_wconf 71' lang='lat' dir='ltr'>omitcnten</span> <span class='ocrx_word' id='word_1_155' title='bbox 772 1889 913 1939; x_wconf 72' lang='lat' dir='ltr'>invenitur</span> 
     </span>
     <span class='ocr_line' id='line_1_26' title="bbox 110 1904 912 2023; baseline -0.004 -16"><span class='ocrx_word' id='word_1_156' title='bbox 110 1956 240 2007; x_wconf 78' lang='lat' dir='ltr'>lividumr</span> <span class='ocrx_word' id='word_1_157' title='bbox 270 1904 346 2021; x_wconf 56' lang='lat' dir='ltr'>quog</span> <span class='ocrx_word' id='word_1_158' title='bbox 369 1960 461 2008; x_wconf 86' lang='lat' dir='ltr'>autem</span> <span class='ocrx_word' id='word_1_159' title='bbox 486 1956 591 2023; x_wconf 71' lang='lat' dir='ltr'>legitur</span> <span class='ocrx_word' id='word_1_160' title='bbox 617 1956 652 2007; x_wconf 75' lang='lat' dir='ltr'>ad</span> <span class='ocrx_word' id='word_1_161' title='bbox 678 1954 912 2020; x_wconf 79' lang='lat' dir='ltr'>aequinoctialem</span> 
     </span>
     <span class='ocr_line' id='line_1_27' title="bbox 110 2021 912 2084; baseline -0.002 -10"><span class='ocrx_word' id='word_1_162' title='bbox 110 2023 248 2074; x_wconf 89' lang='lat' dir='ltr'>orientem</span> <span class='ocrx_word' id='word_1_163' title='bbox 264 2028 293 2073; x_wconf 86' lang='lat' dir='ltr'>et</span> <span class='ocrx_word' id='word_1_164' title='bbox 308 2021 493 2084; x_wconf 66' lang='lat' dir='ltr'>occidentem,</span> <span class='ocrx_word' id='word_1_165' title='bbox 508 2023 649 2074; x_wconf 74' lang='lat' dir='ltr'>invenitur</span> <span class='ocrx_word' id='word_1_166' title='bbox 656 2022 785 2074; x_wconf 74' lang='lat' dir='ltr'>riolacco</span> <span class='ocrx_word' id='word_1_167' title='bbox 801 2021 912 2073; x_wconf 72' lang='lat' dir='ltr'>coloret</span> 
     </span>
     <span class='ocr_line' id='line_1_28' title="bbox 111 2088 913 2157; baseline -0.004 -16"><span class='ocrx_word' id='word_1_168' title='bbox 111 2089 187 2157; x_wconf 87' lang='lat' dir='ltr'>quod</span> <span class='ocrx_word' id='word_1_169' title='bbox 206 2103 273 2140; x_wconf 82' lang='lat' dir='ltr'>vero</span> <span class='ocrx_word' id='word_1_170' title='bbox 293 2088 455 2141; x_wconf 72' lang='lat' dir='ltr'>meridianis</span> <span class='ocrx_word' id='word_1_171' title='bbox 469 2089 640 2157; x_wconf 75' lang='lat' dir='ltr'>&#39;regionibus</span> <span class='ocrx_word' id='word_1_172' title='bbox 655 2088 808 2154; x_wconf 80' lang='lat' dir='ltr'>excipitur,</span> <span class='ocrx_word' id='word_1_173' title='bbox 826 2088 913 2139; x_wconf 83' lang='lat' dir='ltr'>rohra</span> 
     </span>
     <span class='ocr_line' id='line_1_29' title="bbox 110 2153 912 2225; baseline -0.001 -18"><span class='ocrx_word' id='word_1_174' title='bbox 110 2161 276 2225; x_wconf 79' lang='lat' dir='ltr'>procreatur</span> <span class='ocrx_word' id='word_1_175' title='bbox 287 2161 444 2223; x_wconf 75' lang='lat' dir='ltr'>potestate3</span> <span class='ocrx_word' id='word_1_176' title='bbox 462 2163 491 2208; x_wconf 90' lang='lat' dir='ltr'>et</span> <span class='ocrx_word' id='word_1_177' title='bbox 507 2157 572 2209; x_wconf 84' lang='lat' dir='ltr'>ideo</span> <span class='ocrx_word' id='word_1_178' title='bbox 587 2155 641 2208; x_wconf 85' lang='lat' dir='ltr'>lroe</span> <span class='ocrx_word' id='word_1_179' title='bbox 656 2153 795 2225; x_wconf 67' lang='lat' dir='ltr'>[rulrrum]</span> <span class='ocrx_word' id='word_1_180' title='bbox 810 2153 912 2207; x_wconf 78' lang='lat' dir='ltr'>Rhodo</span> 
     </span>
     <span class='ocr_line' id='line_1_30' title="bbox 109 2223 913 2291; baseline -0.005 -14"><span class='ocrx_word' id='word_1_181' title='bbox 109 2227 196 2277; x_wconf 87' lang='lat' dir='ltr'>etiam</span> <span class='ocrx_word' id='word_1_182' title='bbox 204 2223 296 2275; x_wconf 92' lang='lat' dir='ltr'>insula</span> <span class='ocrx_word' id='word_1_183' title='bbox 306 2227 417 2274; x_wconf 85' lang='lat' dir='ltr'>creatur</span> <span class='ocrx_word' id='word_1_184' title='bbox 426 2224 584 2291; x_wconf 84' lang='lat' dir='ltr'>ceterisque</span> <span class='ocrx_word' id='word_1_185' title='bbox 593 2223 731 2276; x_wconf 83' lang='lat' dir='ltr'>eiusmodi</span> <span class='ocrx_word' id='word_1_186' title='bbox 739 2223 913 2291; x_wconf 47' lang='lat' dir='ltr'>regionibus</span> 
     </span>
     <span class='ocr_line' id='line_1_31' title="bbox 111 2288 915 2359; baseline -0.005 -16"><span class='ocrx_word' id='word_1_187' title='bbox 111 2307 183 2359; x_wconf 85' lang='lat' dir='ltr'>quae</span> <span class='ocrx_word' id='word_1_188' title='bbox 197 2291 343 2357; x_wconf 72' lang='lat' dir='ltr'>proximae</span> <span class='ocrx_word' id='word_1_189' title='bbox 357 2295 423 2342; x_wconf 85' lang='lat' dir='ltr'>suot</span> <span class='ocrx_word' id='word_1_190' title='bbox 434 2290 504 2348; x_wconf 83' lang='lat' dir='ltr'>eolis</span> <span class='ocrx_word' id='word_1_191' title='bbox 523 2292 626 2343; x_wconf 79' lang='lat' dir='ltr'>cursui.</span> <span class='ocrx_word' id='word_1_192' title='bbox 660 2291 685 2342; x_wconf 80' lang='grc'>3.</span> <span class='ocrx_word' id='word_1_193' title='bbox 703 2290 745 2341; x_wconf 80' lang='lat' dir='ltr'>Ea</span> <span class='ocrx_word' id='word_1_194' title='bbox 764 2288 915 2356; x_wconf 78' lang='lat' dir='ltr'>conchylia</span> 
     </span>
     <span class='ocr_line' id='line_1_32' title="bbox 109 2355 914 2422; baseline -0.006 -9"><span class='ocrx_word' id='word_1_195' title='bbox 109 2376 172 2412; x_wconf 84' lang='lat' dir='ltr'>cum</span> <span class='ocrx_word' id='word_1_196' title='bbox 185 2365 253 2410; x_wconf 89' lang='lat' dir='ltr'>sunt</span> <span class='ocrx_word' id='word_1_197' title='bbox 264 2359 352 2420; x_wconf 86' lang='lat' dir='ltr'>lecta,</span> <span class='ocrx_word' id='word_1_198' title='bbox 366 2357 543 2411; x_wconf 79' lang='lat' dir='ltr'>ferramentis</span> <span class='ocrx_word' id='word_1_199' title='bbox 553 2358 815 2419; x_wconf 70' lang='lat' dir='ltr'>circeminduntur,</span> <span class='ocrx_word' id='word_1_200' title='bbox 828 2372 844 2408; x_wconf 85' lang='lat' dir='ltr'>e</span> <span class='ocrx_word' id='word_1_201' title='bbox 855 2355 914 2422; x_wconf 80' lang='lat' dir='ltr'>qui·</span> 
     </span>
     <span class='ocr_line' id='line_1_33' title="bbox 111 2423 914 2493; baseline -0.004 -17"><span class='ocrx_word' id='word_1_202' title='bbox 111 2430 161 2477; x_wconf 81' lang='lat' dir='ltr'>bus</span> <span class='ocrx_word' id='word_1_203' title='bbox 175 2426 267 2493; x_wconf 80' lang='lat' dir='ltr'>plagis</span> <span class='ocrx_word' id='word_1_204' title='bbox 282 2440 423 2492; x_wconf 63' lang='lat' dir='ltr'>purpurea</span> <span class='ocrx_word' id='word_1_205' title='bbox 442 2426 549 2490; x_wconf 79' lang='lat' dir='ltr'>sanior,</span> <span class='ocrx_word' id='word_1_206' title='bbox 567 2427 612 2478; x_wconf 85' lang='lat' dir='ltr'>uti</span> <span class='ocrx_word' id='word_1_207' title='bbox 628 2425 748 2476; x_wconf 67' lang='lat' dir='ltr'>hermu</span> <span class='ocrx_word' id='word_1_208' title='bbox 762 2423 914 2493; x_wconf 73' lang='lat' dir='ltr'>proiliacus,</span> 
     </span>
     <span class='ocr_line' id='line_1_34' title="bbox 110 2489 915 2558; baseline -0.006 -14"><span class='ocrx_word' id='word_1_209' title='bbox 110 2509 230 2544; x_wconf 86' lang='lat' dir='ltr'>excussa</span> <span class='ocrx_word' id='word_1_210' title='bbox 240 2494 269 2543; x_wconf 94' lang='lat' dir='ltr'>in</span> <span class='ocrx_word' id='word_1_211' title='bbox 283 2493 425 2543; x_wconf 87' lang='lat' dir='ltr'>mortariis</span> <span class='ocrx_word' id='word_1_212' title='bbox 441 2494 557 2544; x_wconf 89' lang='lat' dir='ltr'>terendo</span> <span class='ocrx_word' id='word_1_213' title='bbox 577 2497 764 2558; x_wconf 81' lang='lat' dir='ltr'>comparatur:</span> <span class='ocrx_word' id='word_1_214' title='bbox 786 2496 828 2555; x_wconf 86' lang='lat' dir='ltr'>et,</span> <span class='ocrx_word' id='word_1_215' title='bbox 839 2489 915 2557; x_wconf 87' lang='lat' dir='ltr'>quod</span> 
     </span>
     <span class='ocr_line' id='line_1_35' title="bbox 110 2556 916 2620; baseline -0.006 -9"><span class='ocrx_word' id='word_1_216' title='bbox 110 2576 146 2611; x_wconf 86' lang='lat' dir='ltr'>ex</span> <span class='ocrx_word' id='word_1_217' title='bbox 173 2558 340 2610; x_wconf 88' lang='lat' dir='ltr'>concharum</span> <span class='ocrx_word' id='word_1_218' title='bbox 367 2559 536 2611; x_wconf 88' lang='lat' dir='ltr'>marinarum</span> <span class='ocrx_word' id='word_1_219' title='bbox 565 2561 647 2612; x_wconf 88' lang='lat' dir='ltr'>testis</span> <span class='ocrx_word' id='word_1_220' title='bbox 677 2558 820 2620; x_wconf 86' lang='lat' dir='ltr'>eximitur,</span> <span class='ocrx_word' id='word_1_221' title='bbox 847 2556 916 2607; x_wconf 90' lang='lat' dir='ltr'>ideo</span> 
     </span>
     <span class='ocr_line' id='line_1_36' title="bbox 111 2623 914 2693; baseline -0.005 -15"><span class='ocrx_word' id='word_1_222' title='bbox 111 2633 217 2678; x_wconf 87' lang='lat' dir='ltr'>ostrum</span> <span class='ocrx_word' id='word_1_223' title='bbox 228 2633 271 2677; x_wconf 90' lang='lat' dir='ltr'>est</span> <span class='ocrx_word' id='word_1_224' title='bbox 280 2627 442 2678; x_wconf 83' lang='lat' dir='ltr'>vocitatum.</span> <span class='ocrx_word' id='word_1_225' title='bbox 478 2627 612 2678; x_wconf 72' lang='lat' dir='ltr'>ldautem</span> <span class='ocrx_word' id='word_1_226' title='bbox 621 2630 736 2693; x_wconf 85' lang='lat' dir='ltr'>propter</span> <span class='ocrx_word' id='word_1_227' title='bbox 745 2623 914 2692; x_wconf 83' lang='lat' dir='ltr'>salsuginem</span> 
     </span>
    </p>
   </div>
   <div class='ocr_carea' id='block_1_6' title="bbox 111 2691 863 2812">
    <p class='ocr_par' dir='ltr' id='par_1_6' title="bbox 111 2691 863 2812">
     <span class='ocr_line' id='line_1_37' title="bbox 111 2691 863 2811; baseline 0 -66"><span class='ocrx_word' id='word_1_228' title='bbox 111 2693 406 2811; x_wconf 41' lang='lat' dir='ltr'>citonlItssiticulosum</span> <span class='ocrx_word' id='word_1_229' title='bbox 419 2694 473 2745; x_wconf 90' lang='lat' dir='ltr'>nisi</span> <span class='ocrx_word' id='word_1_230' title='bbox 484 2693 650 2747; x_wconf 84' lang='lat' dir='ltr'>melhabeat</span> <span class='ocrx_word' id='word_1_231' title='bbox 659 2691 863 2811; x_wconf 60' lang='grc' dir='ltr'>οἰὶοιιηιΐιιειιιπ.</span> 
     </span>
     <span class='ocr_line' id='line_1_38' title="bbox 236 2771 267 2812; baseline -0.065 0"><span class='ocrx_word' id='word_1_232' title='bbox 236 2771 267 2812; x_wconf 74' lang='lat' dir='ltr'>a.</span> 
     </span>
    </p>
   </div>
   <div class='ocr_carea' id='block_1_7' title="bbox 0 0 1034 3090">
    <p class='ocr_par' dir='ltr' id='par_1_7' title="bbox 0 0 1034 3090">
     <span class='ocr_line' id='line_1_39' title="bbox 0 0 1034 3090; baseline 0 0"><span class='ocrx_word' id='word_1_233' title='bbox 0 0 1034 3090; x_wconf 95' lang='lat' dir='ltr'> </span> 
     </span>
    </p>
   </div>
  </div>
 </body>
</html>
