2054 3090
111 111 162 164 214
309 110 364 163 lili
390 111 713 173 ARCHITECTURA

109 212 856 284 insumus,gradaumaugenuadoctriniscuraveram.
887 217 914 272 b.

108 282 288 335 Attendamus
295 283 637 351 enimprimumiureutum
647 283 682 335 de
693 285 875 349 sceorstan,
885 292 915 338 ut

108 353 240 414 vestitus,
255 349 485 418 quemadmodum
502 352 620 405 telarum
638 352 780 421 organicis
798 352 914 409 admini-

109 418 291 470 strationibus
298 434 439 470 connexus
446 420 573 471 staminis
582 419 914 489 adsubtegnennonmn·

109 486 513 555 docorporategendotueatur
522 487 663 539 sedetiam
674 494 790 543 ornatae
799 487 916 543 adiiciat

110 554 294 605 honestatem.
330 553 392 604 eibi
411 568 477 605 vero
497 569 553 606 non
568 553 761 609 habuissemus
775 555 915 609 abundau-

109 623 189 685 tiam,
208 622 263 672 nisi
277 622 344 689 iuga
358 628 388 673 et
400 628 493 673 aratra
506 622 595 673 bobus
609 622 797 695 iumentisque
814 620 915 697 [omui-

108 688 174 757 bus]
187 691 407 740 essentinvcnta·
418 690 630 758 sucularumque
640 696 670 741 et
679 689 822 758 prelorum
833 697 864 744 et
871 705 915 743 re·

109 758 227 809 etiamsi
239 771 293 806 non
303 755 556 809 iulssettorculerie
564 757 751 827 praeparatio,
756 772 792 810 ue
812 773 850 810 ue
861 757 914 814 olei

109 826 228 876 nitorem
243 839 332 891 neque
347 826 456 876 vincum
471 824 591 877 fructum
606 823 709 879 babere
723 830 776 893 pot
823 841 915 878 semus

110 893 146 943 ad
155 891 368 943 iucunditatem:
388 893 617 965 portationesque
629 908 724 949 eorum
738 908 796 945 uon
810 900 914 957 esseut,

110 961 164 1012 nisi
173 961 594 1028 plaustrorumseusarraeorum
604 976 654 1029 per
662 967 765 1013 terram
775 962 915 1014 navicula·

110 1026 915 1164 titulariielutriatitttlt‘tfltitai

102 1165 151 1233 'tio
166 1169 280 1233 reperta
291 1164 415 1215 vindicat
429 1164 462 1215 ab
477 1164 625 1231 iniquitate
640 1164 723 1217 iustis
736 1164 865 1218 moribus
878 1165 915 1225 ri·

110 1238 166 1283 tam
176 1251 182 1282 :
194 1248 249 1284 non
259 1232 405 1299 minusque
415 1238 480 1283 suut
488 1231 685 1285 innumerabili
693 1231 778 1285 modo
788 1233 916 1285 ntioues

109 1298 355 1365 machinationum
367 1300 505 1368 dequibus
512 1314 567 1350 non
577 1314 692 1352 neeesse
702 1299 814 1353 ridetur
823 1299 917 1368 dispu-

109 1374 183 1429 tare,
204 1368 334 1435 quoniam
347 1375 412 1420 suut
425 1368 461 1419 ad
475 1383 585 1419 manum
599 1365 791 1436 quotidianae,
810 1374 843 1419 ut
852 1373 918 1420 sunt

110 1441 202 1496 rotae,
219 1433 302 1485 folles
312 1435 469 1499 labrorum,
483 1434 600 1498 rhedae,
615 1435 699 1498 cisia,
709 1435 797 1498 torni,
809 1441 917 1487 cetera·

110 1517 239 1570 quequae
247 1517 406 1554 communes
417 1504 450 1554 ad
462 1516 540 1560 usum
552 1502 802 1559 consuetudinibus
812 1502 918 1554 habent

111 1572 343 1637 opportunitates.
372 1572 468 1639 ltaque
479 1572 644 1638 incipiemus
655 1571 689 1622 de
702 1568 755 1634 his,
767 1585 839 1638 quae
848 1586 916 1625 raro

111 1639 225 1689 veniunt
235 1638 269 1687 ad
280 1653 385 1701 uranus,
396 1646 427 1690 ut
436 1647 504 1690 nota
513 1641 578 1695 sint,
590 1638 741 1713 explicere.

425 1742 560 1792 CAPUT
577 1740 615 1795 ll.

313 1806 390 1865 (vulgo
404 1807 436 1853 ll.
446 1808 490 1853 lla
500 1808 542 1851 lv.
552 1808 581 1853 V.
591 1806 633 1855 vl.
643 1805 710 1860 Vll.)

292 1879 340 1933 De
361 1882 519 1935 mechinia
547 1879 730 1937 tractoriis.

163 1982 339 2048 Primumque
353 1980 530 2030 instituemus
542 1980 576 2033 de
588 1978 645 2043 his,
662 1994 733 2047 quae
743 1978 860 2031 aedibus
870 1996 915 2033 se·

111 2049 166 2100 cris
177 2051 210 2101 ad
222 2062 391 2116 operumque
401 2047 575 2115 publicorum
582 2047 785 2115 perfectionem
791 2049 914 2100 necessi·

110 2123 168 2167 tate
180 2122 383 2183 comparantur,
391 2130 461 2182 quae
472 2116 541 2166 liunt
550 2117 598 2167 lta.
634 2116 727 2183 Tigna
735 2114 791 2171 tria
800 2115 837 2167 ad
848 2131 914 2168 one-

111 2200 171 2234 rum
181 2184 399 2252 magnitudinem
409 2183 518 2234 ratione
529 2183 729 2250 expediuntur,
744 2197 762 2233 a
775 2182 867 2251 capite
881 2184 913 2234 ti·

110 2252 177 2302 bula
186 2253 335 2302 coniuncta
350 2257 379 2302 et
391 2251 420 2300 in
434 2251 490 2300 imo
502 2250 655 2303 divaricata
665 2251 824 2319 eriguntur,
840 2249 913 2302 iuui-

109 2319 161 2370 bus
175 2320 204 2370 in
218 2319 356 2386 capitibus
372 2318 518 2369 collocatis
532 2324 561 2369 et
573 2320 648 2371 circa
663 2318 807 2385 disponitis
818 2324 914 2372 erecta

110 2388 276 2438 retinentur:
288 2387 421 2454 alligatur
429 2387 458 2436 in
473 2400 578 2437 summo
588 2384 724 2450 trachiae,
735 2400 817 2455 quem
827 2387 914 2439 etiam

111 2455 237 2506 nonnulli
255 2454 412 2506 rechamum
426 2453 529 2511 dicunt.
564 2454 595 2505 ln
609 2453 764 2505 trochleam
778 2454 914 2509 induntur

112 2522 229 2574 orbiculi
240 2523 295 2574 duo
311 2537 361 2589 per
376 2521 501 2573 axiculos
515 2522 689 2575 versationes
700 2520 848 2587 habentem
861 2538 914 2597 per

111 2590 266 2642 orbiculum
281 2605 416 2642 summum
427 2590 568 2642 traiicitur
578 2589 719 2641 ductarius
732 2588 820 2655 iunia,
836 2590 913 2645 deiu-

111 2657 144 2707 de
157 2659 344 2709 demittituret
353 2658 507 2709 traducitur
517 2661 592 2709 circa
602 2657 756 2709 orbiculum
766 2655 913 2713 trochleae
