<?xml version="1.0" encoding="UTF-8"?>
<!DOCTYPE html PUBLIC "-//W3C//DTD XHTML 1.0 Transitional//EN"
    "http://www.w3.org/TR/xhtml1/DTD/xhtml1-transitional.dtd">
<html xmlns="http://www.w3.org/1999/xhtml" xml:lang="en" lang="en">
 <head>
  <title>
</title>
<meta http-equiv="Content-Type" content="text/html;charset=utf-8" />
  <meta name='ocr-system' content='tesseract 3.04.00' />
  <meta name='ocr-capabilities' content='ocr_page ocr_carea ocr_par ocr_line ocrx_word'/>
</head>
<body>
  <div class='ocr_page' id='page_1' title='image "./dearchitectural00pollgoog_0099.png"; bbox 0 0 2054 3090; ppageno 0'>
   <div class='ocr_carea' id='block_1_1' title="bbox 108 211 710 265">
    <p class='ocr_par' dir='ltr' id='par_1_1' title="bbox 108 211 710 265">
     <span class='ocr_line' id='line_1_1' title="bbox 108 211 710 265; baseline 0.002 -3"><span class='ocrx_word' id='word_1_1' title='bbox 108 211 141 262; x_wconf 80' lang='lat'><strong>94</strong></span> <span class='ocrx_word' id='word_1_2' title='bbox 309 211 364 265; x_wconf 78' lang='lat' dir='ltr'><strong>Du</strong></span> <span class='ocrx_word' id='word_1_3' title='bbox 390 212 710 265; x_wconf 79' lang='lat' dir='ltr'>ARCHITECTURA</span> 
     </span>
    </p>
   </div>
   <div class='ocr_carea' id='block_1_2' title="bbox 108 312 928 2522">
    <p class='ocr_par' dir='ltr' id='par_1_2' title="bbox 108 312 928 2522">
     <span class='ocr_line' id='line_1_2' title="bbox 109 312 909 381; baseline -0.001 -18"><span class='ocrx_word' id='word_1_4' title='bbox 109 329 170 363; x_wconf 85' lang='lat' dir='ltr'><strong>cunr</strong></span> <span class='ocrx_word' id='word_1_5' title='bbox 192 315 372 381; x_wconf 84' lang='lat' dir='ltr'>angularibus</span> <span class='ocrx_word' id='word_1_6' title='bbox 395 315 494 366; x_wconf 87' lang='lat' dir='ltr'><strong>dextra</strong></span> <span class='ocrx_word' id='word_1_7' title='bbox 516 330 549 366; x_wconf 88' lang='lat' dir='ltr'><strong>ac</strong></span> <span class='ocrx_word' id='word_1_8' title='bbox 567 315 681 366; x_wconf 90' lang='lat' dir='ltr'><strong>sinistra</strong></span> <span class='ocrx_word' id='word_1_9' title='bbox 699 318 863 381; x_wconf 79' lang='lat' dir='ltr'><strong>quaternae,</strong></span> <span class='ocrx_word' id='word_1_10' title='bbox 880 312 909 362; x_wconf 86' lang='lat' dir='ltr'><strong>in</strong></span> 
     </span>
     <span class='ocr_line' id='line_1_3' title="bbox 108 380 911 450; baseline 0 -21"><span class='ocrx_word' id='word_1_11' title='bbox 108 381 298 447; x_wconf 80' lang='lat' dir='ltr'>longitudine,</span> <span class='ocrx_word' id='word_1_12' title='bbox 313 396 383 448; x_wconf 87' lang='lat' dir='ltr'><strong>quae</strong></span> <span class='ocrx_word' id='word_1_13' title='bbox 398 388 442 433; x_wconf 90' lang='lat' dir='ltr'><strong>est</strong></span> <span class='ocrx_word' id='word_1_14' title='bbox 455 382 519 433; x_wconf 83' lang='lat' dir='ltr'><strong>foro</strong></span> <span class='ocrx_word' id='word_1_15' title='bbox 533 383 668 450; x_wconf 82' lang='lat' dir='ltr'><strong>proxima,</strong></span> <span class='ocrx_word' id='word_1_16' title='bbox 680 397 741 432; x_wconf 91' lang='lat' dir='ltr'><strong>cum</strong></span> <span class='ocrx_word' id='word_1_17' title='bbox 751 380 853 431; x_wconf 87' lang='lat' dir='ltr'><strong>iisdem</strong></span> <span class='ocrx_word' id='word_1_18' title='bbox 864 392 911 429; x_wconf 85' lang='lat' dir='ltr'><strong>an-</strong></span> 
     </span>
     <span class='ocr_line' id='line_1_4' title="bbox 109 447 910 517; baseline 0 -21"><span class='ocrx_word' id='word_1_19' title='bbox 109 447 252 513; x_wconf 88' lang='lat' dir='ltr'><strong>gularibus</strong></span> <span class='ocrx_word' id='word_1_20' title='bbox 265 455 343 500; x_wconf 89' lang='lat' dir='ltr'><strong>octo:</strong></span> <span class='ocrx_word' id='word_1_21' title='bbox 354 463 389 499; x_wconf 83' lang='lat' dir='ltr'><strong>ex</strong></span> <span class='ocrx_word' id='word_1_22' title='bbox 399 449 489 499; x_wconf 90' lang='lat' dir='ltr'><strong>altera</strong></span> <span class='ocrx_word' id='word_1_23' title='bbox 497 456 575 517; x_wconf 91' lang='lat' dir='ltr'><strong>parte</strong></span> <span class='ocrx_word' id='word_1_24' title='bbox 587 465 648 500; x_wconf 91' lang='lat' dir='ltr'><strong>curn</strong></span> <span class='ocrx_word' id='word_1_25' title='bbox 658 447 838 516; x_wconf 79' lang='lat' dir='ltr'>angularibus</span> <span class='ocrx_word' id='word_1_26' title='bbox 850 460 910 508; x_wconf 85' lang='lat' dir='ltr'><strong>sex,</strong></span> 
     </span>
     <span class='ocr_line' id='line_1_5' title="bbox 108 514 909 584; baseline 0 -21"><span class='ocrx_word' id='word_1_27' title='bbox 108 515 173 564; x_wconf 89' lang='lat' dir='ltr'><strong>ideo</strong></span> <span class='ocrx_word' id='word_1_28' title='bbox 189 516 263 581; x_wconf 92' lang='lat' dir='ltr'><strong>quod</strong></span> <span class='ocrx_word' id='word_1_29' title='bbox 276 516 385 567; x_wconf 90' lang='lat' dir='ltr'><strong>mediae</strong></span> <span class='ocrx_word' id='word_1_30' title='bbox 396 516 467 566; x_wconf 89' lang='lat' dir='ltr'><strong>duae</strong></span> <span class='ocrx_word' id='word_1_31' title='bbox 476 517 506 566; x_wconf 91' lang='lat' dir='ltr'><strong>in</strong></span> <span class='ocrx_word' id='word_1_32' title='bbox 516 532 549 568; x_wconf 95' lang='lat' dir='ltr'><strong>ea</strong></span> <span class='ocrx_word' id='word_1_33' title='bbox 558 523 637 584; x_wconf 90' lang='lat' dir='ltr'><strong>parte</strong></span> <span class='ocrx_word' id='word_1_34' title='bbox 646 530 702 567; x_wconf 92' lang='lat' dir='ltr'><strong>non</strong></span> <span class='ocrx_word' id='word_1_35' title='bbox 713 520 777 566; x_wconf 90' lang='lat' dir='ltr'><strong>sunt</strong></span> <span class='ocrx_word' id='word_1_36' title='bbox 785 514 909 581; x_wconf 75' lang='lat' dir='ltr'><strong>positae,</strong></span> 
     </span>
     <span class='ocr_line' id='line_1_6' title="bbox 110 582 909 649; baseline 0 -19"><span class='ocrx_word' id='word_1_37' title='bbox 110 596 143 631; x_wconf 92' lang='lat' dir='ltr'><strong>ne</strong></span> <span class='ocrx_word' id='word_1_38' title='bbox 162 582 316 648; x_wconf 80' lang='lat' dir='ltr'><strong>impediant</strong></span> <span class='ocrx_word' id='word_1_39' title='bbox 332 589 461 648; x_wconf 86' lang='lat' dir='ltr'><strong>aspectus</strong></span> <span class='ocrx_word' id='word_1_40' title='bbox 479 584 578 647; x_wconf 86' lang='lat' dir='ltr'><strong>pronai</strong></span> <span class='ocrx_word' id='word_1_41' title='bbox 596 583 673 635; x_wconf 80' lang='lat' dir='ltr'><strong>aedis</strong></span> <span class='ocrx_word' id='word_1_42' title='bbox 691 582 822 649; x_wconf 80' lang='lat' dir='ltr'><strong>Augusti,</strong></span> <span class='ocrx_word' id='word_1_43' title='bbox 837 594 909 647; x_wconf 90' lang='lat' dir='ltr'><strong>quae</strong></span> 
     </span>
     <span class='ocr_line' id='line_1_7' title="bbox 109 649 910 717; baseline 0.001 -21"><span class='ocrx_word' id='word_1_44' title='bbox 109 654 153 698; x_wconf 88' lang='lat' dir='ltr'><strong>est</strong></span> <span class='ocrx_word' id='word_1_45' title='bbox 167 649 194 698; x_wconf 93' lang='lat' dir='ltr'><strong>in</strong></span> <span class='ocrx_word' id='word_1_46' title='bbox 208 649 301 699; x_wconf 90' lang='lat' dir='ltr'><strong>medio</strong></span> <span class='ocrx_word' id='word_1_47' title='bbox 314 650 402 700; x_wconf 90' lang='lat' dir='ltr'><strong>latere</strong></span> <span class='ocrx_word' id='word_1_48' title='bbox 416 651 531 717; x_wconf 89' lang='lat' dir='ltr'><strong>parietis</strong></span> <span class='ocrx_word' id='word_1_49' title='bbox 540 650 675 700; x_wconf 71' lang='lat' dir='ltr'><strong>basilicae</strong></span> <span class='ocrx_word' id='word_1_50' title='bbox 687 650 910 715; x_wconf 85' lang='lat' dir='ltr'><strong>collocataspec·</strong></span> 
     </span>
     <span class='ocr_line' id='line_1_8' title="bbox 108 714 911 768; baseline 0.002 -6"><span class='ocrx_word' id='word_1_51' title='bbox 108 722 170 764; x_wconf 90' lang='lat' dir='ltr'><strong>tans</strong></span> <span class='ocrx_word' id='word_1_52' title='bbox 184 715 306 766; x_wconf 89' lang='lat' dir='ltr'><strong>medium</strong></span> <span class='ocrx_word' id='word_1_53' title='bbox 320 714 411 767; x_wconf 83' lang='lat' dir='ltr'><strong>lorum</strong></span> <span class='ocrx_word' id='word_1_54' title='bbox 424 723 453 768; x_wconf 91' lang='lat' dir='ltr'><strong>et</strong></span> <span class='ocrx_word' id='word_1_55' title='bbox 467 717 564 768; x_wconf 90' lang='lat' dir='ltr'><strong>aedem</strong></span> <span class='ocrx_word' id='word_1_56' title='bbox 577 718 660 768; x_wconf 84' lang='lat' dir='ltr'><strong>lovis.</strong></span> <span class='ocrx_word' id='word_1_57' title='bbox 696 717 720 768; x_wconf 88' lang='lat'><strong>8.</strong></span> <span class='ocrx_word' id='word_1_58' title='bbox 740 716 809 767; x_wconf 90' lang='lat' dir='ltr'><strong>ltem</strong></span> <span class='ocrx_word' id='word_1_59' title='bbox 822 714 911 765; x_wconf 90' lang='lat' dir='ltr'><strong>tribu-</strong></span> 
     </span>
     <span class='ocr_line' id='line_1_9' title="bbox 110 781 911 850; baseline 0.001 -20"><span class='ocrx_word' id='word_1_60' title='bbox 110 781 155 830; x_wconf 94' lang='lat' dir='ltr'><strong>nal</strong></span> <span class='ocrx_word' id='word_1_61' title='bbox 169 788 212 831; x_wconf 91' lang='lat' dir='ltr'><strong>est</strong></span> <span class='ocrx_word' id='word_1_62' title='bbox 226 783 254 832; x_wconf 92' lang='lat' dir='ltr'><strong>in</strong></span> <span class='ocrx_word' id='word_1_63' title='bbox 271 797 304 832; x_wconf 89' lang='lat' dir='ltr'><strong>ea</strong></span> <span class='ocrx_word' id='word_1_64' title='bbox 319 784 387 834; x_wconf 88' lang='lat' dir='ltr'><strong>aede</strong></span> <span class='ocrx_word' id='word_1_65' title='bbox 404 783 552 850; x_wconf 83' lang='lat' dir='ltr'><strong>hemicycli</strong></span> <span class='ocrx_word' id='word_1_66' title='bbox 566 782 715 834; x_wconf 84' lang='lat' dir='ltr'><strong>schematis</strong></span> <span class='ocrx_word' id='word_1_67' title='bbox 730 783 838 834; x_wconf 87' lang='lat' dir='ltr'><strong>minore</strong></span> <span class='ocrx_word' id='word_1_68' title='bbox 850 797 911 832; x_wconf 92' lang='lat' dir='ltr'><strong>cur-</strong></span> 
     </span>
     <span class='ocr_line' id='line_1_10' title="bbox 110 848 911 918; baseline 0.002 -22"><span class='ocrx_word' id='word_1_69' title='bbox 110 854 207 897; x_wconf 89' lang='lat' dir='ltr'><strong>vatura</strong></span> <span class='ocrx_word' id='word_1_70' title='bbox 216 848 378 901; x_wconf 86' lang='lat' dir='ltr'><strong>formatum:</strong></span> <span class='ocrx_word' id='word_1_71' title='bbox 394 852 453 901; x_wconf 89' lang='lat' dir='ltr'><strong>eius</strong></span> <span class='ocrx_word' id='word_1_72' title='bbox 465 857 555 902; x_wconf 89' lang='lat' dir='ltr'><strong>autem</strong></span> <span class='ocrx_word' id='word_1_73' title='bbox 566 850 715 918; x_wconf 83' lang='lat' dir='ltr'><strong>hemicycli</strong></span> <span class='ocrx_word' id='word_1_74' title='bbox 723 851 752 901; x_wconf 94' lang='lat' dir='ltr'><strong>in</strong></span> <span class='ocrx_word' id='word_1_75' title='bbox 761 849 856 900; x_wconf 75' lang='lat' dir='ltr'><strong>fronte</strong></span> <span class='ocrx_word' id='word_1_76' title='bbox 866 854 911 898; x_wconf 89' lang='lat' dir='ltr'><strong>est</strong></span> 
     </span>
     <span class='ocr_line' id='line_1_11' title="bbox 108 915 912 985; baseline 0.002 -22"><span class='ocrx_word' id='word_1_77' title='bbox 108 915 283 966; x_wconf 84' lang='lat' dir='ltr'><strong>intervallum</strong></span> <span class='ocrx_word' id='word_1_78' title='bbox 294 918 393 983; x_wconf 91' lang='lat' dir='ltr'><strong>pedum</strong></span> <span class='ocrx_word' id='word_1_79' title='bbox 404 918 588 985; x_wconf 80' lang='lat' dir='ltr'><strong>quadraginta</strong></span> <span class='ocrx_word' id='word_1_80' title='bbox 598 933 657 981; x_wconf 82' lang='lat' dir='ltr'><strong>sex,</strong></span> <span class='ocrx_word' id='word_1_81' title='bbox 667 919 805 969; x_wconf 83' lang='lat' dir='ltr'><strong>introrsus</strong></span> <span class='ocrx_word' id='word_1_82' title='bbox 815 930 912 967; x_wconf 86' lang='lat' dir='ltr'><strong>curva-</strong></span> 
     </span>
     <span class='ocr_line' id='line_1_12' title="bbox 109 983 910 1052; baseline 0.001 -21"><span class='ocrx_word' id='word_1_83' title='bbox 109 989 172 1031; x_wconf 90' lang='lat' dir='ltr'><strong>tura</strong></span> <span class='ocrx_word' id='word_1_84' title='bbox 183 983 281 1050; x_wconf 91' lang='lat' dir='ltr'><strong>pedum</strong></span> <span class='ocrx_word' id='word_1_85' title='bbox 293 985 458 1050; x_wconf 89' lang='lat' dir='ltr'><strong>quindecim,</strong></span> <span class='ocrx_word' id='word_1_86' title='bbox 465 986 515 1047; x_wconf 88' lang='lat' dir='ltr'><strong>uti,</strong></span> <span class='ocrx_word' id='word_1_87' title='bbox 526 986 574 1052; x_wconf 88' lang='lat' dir='ltr'><strong>qui</strong></span> <span class='ocrx_word' id='word_1_88' title='bbox 584 986 655 1051; x_wconf 92' lang='lat' dir='ltr'><strong>apud</strong></span> <span class='ocrx_word' id='word_1_89' title='bbox 665 986 843 1052; x_wconf 84' lang='lat' dir='ltr'><strong>magistratus</strong></span> <span class='ocrx_word' id='word_1_90' title='bbox 855 989 910 1034; x_wconf 91' lang='lat' dir='ltr'><strong>sta-</strong></span> 
     </span>
     <span class='ocr_line' id='line_1_13' title="bbox 110 1049 911 1118; baseline 0 -20"><span class='ocrx_word' id='word_1_91' title='bbox 110 1056 185 1112; x_wconf 87' lang='lat' dir='ltr'><strong>rent,</strong></span> <span class='ocrx_word' id='word_1_92' title='bbox 200 1052 377 1117; x_wconf 87' lang='lat' dir='ltr'><strong>negotiantes</strong></span> <span class='ocrx_word' id='word_1_93' title='bbox 394 1054 423 1102; x_wconf 94' lang='lat' dir='ltr'><strong>in</strong></span> <span class='ocrx_word' id='word_1_94' title='bbox 439 1053 558 1103; x_wconf 89' lang='lat' dir='ltr'><strong>basilica</strong></span> <span class='ocrx_word' id='word_1_95' title='bbox 575 1068 610 1103; x_wconf 90' lang='lat' dir='ltr'><strong>nc</strong></span> <span class='ocrx_word' id='word_1_96' title='bbox 624 1053 799 1118; x_wconf 90' lang='lat' dir='ltr'><strong>impedirent.</strong></span> <span class='ocrx_word' id='word_1_97' title='bbox 821 1049 911 1118; x_wconf 85' lang='lat' dir='ltr'><strong>Supra</strong></span> 
     </span>
     <span class='ocr_line' id='line_1_14' title="bbox 111 1117 910 1187; baseline 0.003 -22"><span class='ocrx_word' id='word_1_98' title='bbox 111 1117 254 1177; x_wconf 87' lang='lat' dir='ltr'><strong>columnas</strong></span> <span class='ocrx_word' id='word_1_99' title='bbox 269 1133 304 1170; x_wconf 86' lang='lat' dir='ltr'><strong>ex</strong></span> <span class='ocrx_word' id='word_1_100' title='bbox 313 1119 402 1170; x_wconf 88' lang='lat' dir='ltr'><strong>tribus</strong></span> <span class='ocrx_word' id='word_1_101' title='bbox 412 1121 498 1187; x_wconf 85' lang='lat' dir='ltr'><strong>tignis</strong></span> <span class='ocrx_word' id='word_1_102' title='bbox 507 1119 681 1187; x_wconf 83' lang='lat' dir='ltr'><strong>bipedalibus</strong></span> <span class='ocrx_word' id='word_1_103' title='bbox 693 1118 844 1186; x_wconf 89' lang='lat' dir='ltr'><strong>compactis</strong></span> <span class='ocrx_word' id='word_1_104' title='bbox 855 1123 910 1167; x_wconf 87' lang='lat' dir='ltr'><strong>tra-</strong></span> 
     </span>
     <span class='ocr_line' id='line_1_15' title="bbox 110 1183 910 1253; baseline 0.003 -21"><span class='ocrx_word' id='word_1_105' title='bbox 110 1183 160 1233; x_wconf 90' lang='lat' dir='ltr'><strong>bes</strong></span> <span class='ocrx_word' id='word_1_106' title='bbox 171 1192 236 1235; x_wconf 89' lang='lat' dir='ltr'><strong>sunt</strong></span> <span class='ocrx_word' id='word_1_107' title='bbox 244 1187 320 1237; x_wconf 88' lang='lat' dir='ltr'><strong>circa</strong></span> <span class='ocrx_word' id='word_1_108' title='bbox 330 1186 495 1249; x_wconf 84' lang='lat' dir='ltr'><strong>collocatae,</strong></span> <span class='ocrx_word' id='word_1_109' title='bbox 502 1201 607 1253; x_wconf 88' lang='lat' dir='ltr'><strong>eaeque</strong></span> <span class='ocrx_word' id='word_1_110' title='bbox 618 1187 652 1236; x_wconf 93' lang='lat' dir='ltr'><strong>ab</strong></span> <span class='ocrx_word' id='word_1_111' title='bbox 661 1187 753 1237; x_wconf 80' lang='lat' dir='ltr'><strong>tertiis</strong></span> <span class='ocrx_word' id='word_1_112' title='bbox 764 1184 910 1245; x_wconf 88' lang='lat' dir='ltr'><strong>columnis,</strong></span> 
     </span>
     <span class='ocr_line' id='line_1_16' title="bbox 112 1253 910 1320; baseline 0.001 -21"><span class='ocrx_word' id='word_1_113' title='bbox 112 1265 183 1315; x_wconf 86' lang='lat' dir='ltr'><strong>quae</strong></span> <span class='ocrx_word' id='word_1_114' title='bbox 201 1261 266 1302; x_wconf 89' lang='lat' dir='ltr'><strong>sunt</strong></span> <span class='ocrx_word' id='word_1_115' title='bbox 282 1255 311 1302; x_wconf 91' lang='lat' dir='ltr'><strong>in</strong></span> <span class='ocrx_word' id='word_1_116' title='bbox 328 1254 457 1305; x_wconf 89' lang='lat' dir='ltr'><strong>interiori</strong></span> <span class='ocrx_word' id='word_1_117' title='bbox 471 1259 562 1320; x_wconf 88' lang='lat' dir='ltr'><strong>parte,</strong></span> <span class='ocrx_word' id='word_1_118' title='bbox 577 1260 753 1305; x_wconf 85' lang='lat' dir='ltr'><strong>revertuntur</strong></span> <span class='ocrx_word' id='word_1_119' title='bbox 767 1253 802 1302; x_wconf 91' lang='lat' dir='ltr'><strong>ad</strong></span> <span class='ocrx_word' id='word_1_120' title='bbox 816 1256 910 1312; x_wconf 85' lang='lat' dir='ltr'><strong>antas,</strong></span> 
     </span>
     <span class='ocr_line' id='line_1_17' title="bbox 112 1316 910 1388; baseline 0.001 -23"><span class='ocrx_word' id='word_1_121' title='bbox 112 1331 183 1381; x_wconf 88' lang='lat' dir='ltr'><strong>quae</strong></span> <span class='ocrx_word' id='word_1_122' title='bbox 199 1332 215 1366; x_wconf 93' lang='lat' dir='ltr'><strong>a</strong></span> <span class='ocrx_word' id='word_1_123' title='bbox 228 1333 333 1384; x_wconf 89' lang='lat' dir='ltr'><strong>pronao</strong></span> <span class='ocrx_word' id='word_1_124' title='bbox 344 1327 523 1386; x_wconf 89' lang='lat' dir='ltr'><strong>procurrunt,</strong></span> <span class='ocrx_word' id='word_1_125' title='bbox 538 1321 690 1388; x_wconf 83' lang='lat' dir='ltr'><strong>dextraque</strong></span> <span class='ocrx_word' id='word_1_126' title='bbox 696 1335 728 1371; x_wconf 89' lang='lat' dir='ltr'><strong>ac</strong></span> <span class='ocrx_word' id='word_1_127' title='bbox 738 1319 853 1371; x_wconf 86' lang='lat' dir='ltr'><strong>sinistra</strong></span> <span class='ocrx_word' id='word_1_128' title='bbox 864 1316 910 1367; x_wconf 91' lang='lat' dir='ltr'><strong>he-</strong></span> 
     </span>
     <span class='ocr_line' id='line_1_18' title="bbox 111 1383 928 1454; baseline 0.002 -22"><span class='ocrx_word' id='word_1_129' title='bbox 111 1383 257 1448; x_wconf 88' lang='lat' dir='ltr'><strong>micyclum</strong></span> <span class='ocrx_word' id='word_1_130' title='bbox 272 1391 397 1451; x_wconf 91' lang='lat' dir='ltr'><strong>tangunt.</strong></span> <span class='ocrx_word' id='word_1_131' title='bbox 433 1386 457 1437; x_wconf 78' lang='lat'><strong>9.</strong></span> <span class='ocrx_word' id='word_1_132' title='bbox 477 1386 566 1454; x_wconf 85' lang='lat' dir='ltr'><strong>Supra</strong></span> <span class='ocrx_word' id='word_1_133' title='bbox 577 1389 672 1439; x_wconf 89' lang='lat' dir='ltr'><strong>trabes</strong></span> <span class='ocrx_word' id='word_1_134' title='bbox 683 1393 780 1439; x_wconf 90' lang='lat' dir='ltr'><strong>contra</strong></span> <span class='ocrx_word' id='word_1_135' title='bbox 790 1386 912 1452; x_wconf 86' lang='lat' dir='ltr'><strong>capitula</strong></span> <span class='ocrx_word' id='word_1_136' title='bbox 924 1402 928 1407; x_wconf 85' lang='grc'><em>·</em></span> 
     </span>
     <span class='ocr_line' id='line_1_19' title="bbox 112 1448 911 1519; baseline 0.001 -20"><span class='ocrx_word' id='word_1_137' title='bbox 112 1464 147 1499; x_wconf 86' lang='lat' dir='ltr'><strong>ex</strong></span> <span class='ocrx_word' id='word_1_138' title='bbox 164 1448 307 1500; x_wconf 83' lang='lat' dir='ltr'><strong>fulmentis</strong></span> <span class='ocrx_word' id='word_1_139' title='bbox 326 1452 479 1518; x_wconf 87' lang='lat' dir='ltr'><strong>dispositae</strong></span> <span class='ocrx_word' id='word_1_140' title='bbox 497 1455 570 1519; x_wconf 90' lang='lat' dir='ltr'><strong>pilae</strong></span> <span class='ocrx_word' id='word_1_141' title='bbox 589 1462 654 1519; x_wconf 86' lang='lat' dir='ltr'><strong>sunt</strong></span> <span class='ocrx_word' id='word_1_142' title='bbox 667 1454 822 1506; x_wconf 83' lang='lat' dir='ltr'><strong>collocatae</strong></span> <span class='ocrx_word' id='word_1_143' title='bbox 837 1452 911 1501; x_wconf 80' lang='lat' dir='ltr'><strong>altae</strong></span> 
     </span>
     <span class='ocr_line' id='line_1_20' title="bbox 112 1514 912 1588; baseline 0.006 -25"><span class='ocrx_word' id='word_1_144' title='bbox 112 1514 228 1583; x_wconf 88' lang='lat' dir='ltr'><strong>pedibus</strong></span> <span class='ocrx_word' id='word_1_145' title='bbox 243 1516 345 1579; x_wconf 91' lang='lat' dir='ltr'><strong>tribus,</strong></span> <span class='ocrx_word' id='word_1_146' title='bbox 360 1519 434 1568; x_wconf 89' lang='lat' dir='ltr'><strong>latae</strong></span> <span class='ocrx_word' id='word_1_147' title='bbox 445 1534 664 1585; x_wconf 83' lang='lat' dir='ltr'><strong>quoquoversus</strong></span> <span class='ocrx_word' id='word_1_148' title='bbox 675 1520 825 1588; x_wconf 84' lang='lat' dir='ltr'><strong>quaternis.</strong></span> <span class='ocrx_word' id='word_1_149' title='bbox 863 1518 912 1569; x_wconf 87' lang='lat' dir='ltr'><strong>Su-</strong></span> 
     </span>
     <span class='ocr_line' id='line_1_21' title="bbox 112 1583 913 1655; baseline 0.004 -25"><span class='ocrx_word' id='word_1_150' title='bbox 112 1597 162 1649; x_wconf 90' lang='lat' dir='ltr'><strong>pra</strong></span> <span class='ocrx_word' id='word_1_151' title='bbox 176 1596 223 1632; x_wconf 89' lang='lat' dir='ltr'><strong>cas</strong></span> <span class='ocrx_word' id='word_1_152' title='bbox 238 1597 273 1633; x_wconf 86' lang='lat' dir='ltr'><strong>ex</strong></span> <span class='ocrx_word' id='word_1_153' title='bbox 286 1583 394 1635; x_wconf 90' lang='lat' dir='ltr'><strong>duobus</strong></span> <span class='ocrx_word' id='word_1_154' title='bbox 408 1587 493 1653; x_wconf 87' lang='lat' dir='ltr'><strong>tignis</strong></span> <span class='ocrx_word' id='word_1_155' title='bbox 508 1587 683 1655; x_wconf 87' lang='lat' dir='ltr'><strong>bipedalibus</strong></span> <span class='ocrx_word' id='word_1_156' title='bbox 692 1587 786 1638; x_wconf 89' lang='lat' dir='ltr'><strong>trabes</strong></span> <span class='ocrx_word' id='word_1_157' title='bbox 798 1598 913 1651; x_wconf 80' lang='lat' dir='ltr'><strong>euerge-</strong></span> 
     </span>
     <span class='ocr_line' id='line_1_22' title="bbox 112 1650 914 1722; baseline 0.002 -24"><span class='ocrx_word' id='word_1_158' title='bbox 112 1663 181 1700; x_wconf 89' lang='lat' dir='ltr'><strong>neae</strong></span> <span class='ocrx_word' id='word_1_159' title='bbox 197 1650 272 1699; x_wconf 90' lang='lat' dir='ltr'><strong>circa</strong></span> <span class='ocrx_word' id='word_1_160' title='bbox 285 1657 349 1701; x_wconf 90' lang='lat' dir='ltr'><strong>sunt</strong></span> <span class='ocrx_word' id='word_1_161' title='bbox 362 1651 533 1717; x_wconf 88' lang='lat' dir='ltr'><strong>collocatae,</strong></span> <span class='ocrx_word' id='word_1_162' title='bbox 552 1655 651 1721; x_wconf 90' lang='lat' dir='ltr'><strong>quibus</strong></span> <span class='ocrx_word' id='word_1_163' title='bbox 664 1657 778 1722; x_wconf 89' lang='lat' dir='ltr'><strong>insuper</strong></span> <span class='ocrx_word' id='word_1_164' title='bbox 791 1659 914 1703; x_wconf 88' lang='lat' dir='ltr'><strong>transtra</strong></span> 
     </span>
     <span class='ocr_line' id='line_1_23' title="bbox 113 1718 913 1788; baseline 0.003 -23"><span class='ocrx_word' id='word_1_165' title='bbox 113 1732 174 1766; x_wconf 91' lang='lat' dir='ltr'><strong>cum</strong></span> <span class='ocrx_word' id='word_1_166' title='bbox 189 1719 327 1783; x_wconf 87' lang='lat' dir='ltr'><strong>capreolis</strong></span> <span class='ocrx_word' id='word_1_167' title='bbox 344 1718 531 1772; x_wconf 88' lang='lat' dir='ltr'><strong>columnarum</strong></span> <span class='ocrx_word' id='word_1_168' title='bbox 547 1728 645 1773; x_wconf 91' lang='lat' dir='ltr'><strong>contra</strong></span> <span class='ocrx_word' id='word_1_169' title='bbox 660 1735 778 1788; x_wconf 89' lang='lat' dir='ltr'><strong>corpora</strong></span> <span class='ocrx_word' id='word_1_170' title='bbox 790 1725 822 1784; x_wconf 84' lang='lat' dir='ltr'><strong>et</strong></span> <span class='ocrx_word' id='word_1_171' title='bbox 834 1723 913 1768; x_wconf 83' lang='lat' dir='ltr'><strong>antas</strong></span> 
     </span>
     <span class='ocr_line' id='line_1_24' title="bbox 113 1785 913 1853; baseline 0 -20"><span class='ocrx_word' id='word_1_172' title='bbox 113 1791 141 1834; x_wconf 90' lang='lat' dir='ltr'><strong>et</strong></span> <span class='ocrx_word' id='word_1_173' title='bbox 160 1786 281 1851; x_wconf 88' lang='lat' dir='ltr'><strong>parietes</strong></span> <span class='ocrx_word' id='word_1_174' title='bbox 299 1787 398 1853; x_wconf 90' lang='lat' dir='ltr'><strong>pronai</strong></span> <span class='ocrx_word' id='word_1_175' title='bbox 408 1787 548 1840; x_wconf 90' lang='lat' dir='ltr'><strong>collocata</strong></span> <span class='ocrx_word' id='word_1_176' title='bbox 558 1789 697 1840; x_wconf 87' lang='lat' dir='ltr'><strong>sustinent</strong></span> <span class='ocrx_word' id='word_1_177' title='bbox 709 1803 794 1839; x_wconf 89' lang='lat' dir='ltr'><strong>unum</strong></span> <span class='ocrx_word' id='word_1_178' title='bbox 804 1785 913 1837; x_wconf 89' lang='lat' dir='ltr'><strong>culmen</strong></span> 
     </span>
     <span class='ocr_line' id='line_1_25' title="bbox 112 1850 913 1919; baseline -0.002 -17"><span class='ocrx_word' id='word_1_179' title='bbox 112 1852 422 1919; x_wconf 88' lang='lat' dir='ltr'><strong>perpetuumbasilicae‚</strong></span> <span class='ocrx_word' id='word_1_180' title='bbox 430 1852 547 1901; x_wconf 89' lang='lat' dir='ltr'><strong>alterum</strong></span> <span class='ocrx_word' id='word_1_181' title='bbox 558 1850 673 1901; x_wconf 84' lang='lat' dir='ltr'><strong>amedi&#39;o</strong></span> <span class='ocrx_word' id='word_1_182' title='bbox 685 1864 769 1916; x_wconf 88' lang='lat' dir='ltr'><strong>supra</strong></span> <span class='ocrx_word' id='word_1_183' title='bbox 778 1863 913 1917; x_wconf 90' lang='lat' dir='ltr'><strong>pronaum</strong></span> 
     </span>
     <span class='ocr_line' id='line_1_26' title="bbox 112 1917 912 1986; baseline -0.004 -16"><span class='ocrx_word' id='word_1_184' title='bbox 112 1921 199 1971; x_wconf 91' lang='lat' dir='ltr'><strong>aedis.</strong></span> <span class='ocrx_word' id='word_1_185' title='bbox 237 1923 276 1971; x_wconf 85' lang='lat' dir='ltr'><strong>lu.</strong></span> <span class='ocrx_word' id='word_1_186' title='bbox 288 1920 330 1970; x_wconf 92' lang='lat' dir='ltr'><strong>lta</strong></span> <span class='ocrx_word' id='word_1_187' title='bbox 340 1919 516 1986; x_wconf 81' lang='lat' dir='ltr'><strong>fastigiorum</strong></span> <span class='ocrx_word' id='word_1_188' title='bbox 527 1917 629 1982; x_wconf 88' lang='lat' dir='ltr'><strong>duplex</strong></span> <span class='ocrx_word' id='word_1_189' title='bbox 638 1919 708 1968; x_wconf 88' lang='lat' dir='ltr'><strong>teeti</strong></span> <span class='ocrx_word' id='word_1_190' title='bbox 717 1924 782 1968; x_wconf 89' lang='lat' dir='ltr'><strong>nata</strong></span> <span class='ocrx_word' id='word_1_191' title='bbox 792 1917 912 1984; x_wconf 87' lang='lat' dir='ltr'><strong>disposi-</strong></span> 
     </span>
     <span class='ocr_line' id='line_1_27' title="bbox 112 1985 912 2050; baseline -0.003 -14"><span class='ocrx_word' id='word_1_192' title='bbox 112 1989 165 2050; x_wconf 89' lang='lat' dir='ltr'><strong>tio,</strong></span> <span class='ocrx_word' id='word_1_193' title='bbox 180 1989 353 2038; x_wconf 77' lang='lat' dir='ltr'><strong>eutrinsecus</strong></span> <span class='ocrx_word' id='word_1_194' title='bbox 368 1992 397 2045; x_wconf 88' lang='lat' dir='ltr'><strong>et</strong></span> <span class='ocrx_word' id='word_1_195' title='bbox 408 1985 552 2036; x_wconf 88' lang='lat' dir='ltr'><strong>interioris</strong></span> <span class='ocrx_word' id='word_1_196' title='bbox 566 1985 640 2035; x_wconf 89' lang='lat' dir='ltr'><strong>altae</strong></span> <span class='ocrx_word' id='word_1_197' title='bbox 656 1985 816 2046; x_wconf 89' lang='lat' dir='ltr'><strong>testudinis,</strong></span> <span class='ocrx_word' id='word_1_198' title='bbox 833 1999 912 2050; x_wconf 88' lang='lat' dir='ltr'><strong>prae·</strong></span> 
     </span>
     <span class='ocr_line' id='line_1_28' title="bbox 112 2051 912 2122; baseline -0.003 -18"><span class='ocrx_word' id='word_1_199' title='bbox 112 2060 168 2104; x_wconf 89' lang='lat' dir='ltr'><strong>stat</strong></span> <span class='ocrx_word' id='word_1_200' title='bbox 187 2055 309 2122; x_wconf 90' lang='lat' dir='ltr'><strong>speciem</strong></span> <span class='ocrx_word' id='word_1_201' title='bbox 323 2059 476 2105; x_wconf 87' lang='lat' dir='ltr'><strong>venustam.</strong></span> <span class='ocrx_word' id='word_1_202' title='bbox 512 2052 580 2102; x_wconf 91' lang='lat' dir='ltr'><strong>ltem</strong></span> <span class='ocrx_word' id='word_1_203' title='bbox 594 2051 704 2102; x_wconf 88' lang='lat' dir='ltr'><strong>sublata</strong></span> <span class='ocrx_word' id='word_1_204' title='bbox 717 2052 912 2120; x_wconf 86' lang='lat' dir='ltr'><strong>epistyliorum</strong></span> 
     </span>
     <span class='ocr_line' id='line_1_29' title="bbox 113 2119 913 2188; baseline -0.003 -18"><span class='ocrx_word' id='word_1_205' title='bbox 113 2127 274 2171; x_wconf 88' lang='lat' dir='ltr'><strong>ornamenta</strong></span> <span class='ocrx_word' id='word_1_206' title='bbox 282 2122 472 2187; x_wconf 81' lang='lat' dir='ltr'><strong>etpluteorunr</strong></span> <span class='ocrx_word' id='word_1_207' title='bbox 482 2119 726 2185; x_wconf 88' lang='lat' dir='ltr'><strong>columnarumque</strong></span> <span class='ocrx_word' id='word_1_208' title='bbox 737 2121 913 2188; x_wconf 88' lang='lat' dir='ltr'><strong>superiorum</strong></span> 
     </span>
     <span class='ocr_line' id='line_1_30' title="bbox 113 2184 913 2253; baseline 0 -17"><span class='ocrx_word' id='word_1_209' title='bbox 113 2187 273 2237; x_wconf 89' lang='lat' dir='ltr'><strong>distributio</strong></span> <span class='ocrx_word' id='word_1_210' title='bbox 290 2202 436 2253; x_wconf 89' lang='lat' dir='ltr'><strong>operosam</strong></span> <span class='ocrx_word' id='word_1_211' title='bbox 452 2184 574 2237; x_wconf 88' lang='lat' dir='ltr'><strong>detrahit</strong></span> <span class='ocrx_word' id='word_1_212' title='bbox 585 2186 756 2249; x_wconf 88' lang='lat' dir='ltr'><strong>molestiam,</strong></span> <span class='ocrx_word' id='word_1_213' title='bbox 776 2193 913 2253; x_wconf 90' lang='lat' dir='ltr'><strong>sumptus·</strong></span> 
     </span>
     <span class='ocr_line' id='line_1_31' title="bbox 113 2254 913 2321; baseline -0.001 -18"><span class='ocrx_word' id='word_1_214' title='bbox 113 2269 165 2319; x_wconf 92' lang='lat' dir='ltr'><strong>que</strong></span> <span class='ocrx_word' id='word_1_215' title='bbox 180 2254 317 2304; x_wconf 90' lang='lat' dir='ltr'><strong>imminuit</strong></span> <span class='ocrx_word' id='word_1_216' title='bbox 329 2269 364 2305; x_wconf 83' lang='lat' dir='ltr'><strong>ex</strong></span> <span class='ocrx_word' id='word_1_217' title='bbox 376 2269 476 2321; x_wconf 86' lang='lat' dir='ltr'><strong>magna</strong></span> <span class='ocrx_word' id='word_1_218' title='bbox 486 2260 564 2319; x_wconf 83' lang='lat' dir='ltr'><strong>parte</strong></span> <span class='ocrx_word' id='word_1_219' title='bbox 578 2268 719 2304; x_wconf 89' lang='lat' dir='ltr'><strong>sunrmam.</strong></span> <span class='ocrx_word' id='word_1_220' title='bbox 755 2254 835 2321; x_wconf 88' lang='lat' dir='ltr'><strong>ipsae</strong></span> <span class='ocrx_word' id='word_1_221' title='bbox 845 2268 913 2304; x_wconf 86' lang='lat' dir='ltr'><strong>vero</strong></span> 
     </span>
     <span class='ocr_line' id='line_1_32' title="bbox 114 2320 913 2387; baseline 0 -17"><span class='ocrx_word' id='word_1_222' title='bbox 114 2322 257 2371; x_wconf 87' lang='lat' dir='ltr'><strong>columnae</strong></span> <span class='ocrx_word' id='word_1_223' title='bbox 272 2322 301 2370; x_wconf 91' lang='lat' dir='ltr'><strong>in</strong></span> <span class='ocrx_word' id='word_1_224' title='bbox 315 2321 462 2373; x_wconf 90' lang='lat' dir='ltr'><strong>altitudine</strong></span> <span class='ocrx_word' id='word_1_225' title='bbox 478 2326 613 2387; x_wconf 90' lang='lat' dir='ltr'><strong>perpetua</strong></span> <span class='ocrx_word' id='word_1_226' title='bbox 627 2320 677 2370; x_wconf 89' lang='lat' dir='ltr'><strong>sub</strong></span> <span class='ocrx_word' id='word_1_227' title='bbox 692 2322 785 2372; x_wconf 90' lang='lat' dir='ltr'><strong>trabes</strong></span> <span class='ocrx_word' id='word_1_228' title='bbox 796 2320 913 2371; x_wconf 87' lang='lat' dir='ltr'><strong>testudi-</strong></span> 
     </span>
     <span class='ocr_line' id='line_1_33' title="bbox 114 2387 913 2455; baseline 0.001 -18"><span class='ocrx_word' id='word_1_229' title='bbox 114 2389 155 2439; x_wconf 87' lang='lat' dir='ltr'><strong>nis</strong></span> <span class='ocrx_word' id='word_1_230' title='bbox 170 2387 321 2455; x_wconf 88' lang='lat' dir='ltr'><strong>perductae</strong></span> <span class='ocrx_word' id='word_1_231' title='bbox 336 2397 365 2438; x_wconf 90' lang='lat' dir='ltr'><strong>et</strong></span> <span class='ocrx_word' id='word_1_232' title='bbox 379 2388 613 2454; x_wconf 80' lang='lat' dir='ltr'><strong>magnificentiam</strong></span> <span class='ocrx_word' id='word_1_233' title='bbox 627 2389 769 2454; x_wconf 89' lang='lat' dir='ltr'><strong>impensae</strong></span> <span class='ocrx_word' id='word_1_234' title='bbox 780 2394 809 2437; x_wconf 91' lang='lat' dir='ltr'><strong>et</strong></span> <span class='ocrx_word' id='word_1_235' title='bbox 818 2395 913 2438; x_wconf 88' lang='lat' dir='ltr'><strong>aucto-</strong></span> 
     </span>
     <span class='ocr_line' id='line_1_34' title="bbox 112 2455 625 2522; baseline 0 -17"><span class='ocrx_word' id='word_1_236' title='bbox 112 2457 224 2507; x_wconf 88' lang='lat' dir='ltr'><strong>ritatem</strong></span> <span class='ocrx_word' id='word_1_237' title='bbox 237 2457 315 2522; x_wconf 92' lang='lat' dir='ltr'><strong>operi</strong></span> <span class='ocrx_word' id='word_1_238' title='bbox 325 2455 477 2522; x_wconf 85' lang='lat' dir='ltr'><strong>adiungere</strong></span> <span class='ocrx_word' id='word_1_239' title='bbox 488 2455 625 2506; x_wconf 82' lang='lat' dir='ltr'><strong>videntur.</strong></span> 
     </span>
    </p>
   </div>
   <div class='ocr_carea' id='block_1_3' title="bbox 414 2554 609 2607">
    <p class='ocr_par' dir='ltr' id='par_1_3' title="bbox 414 2554 609 2607">
     <span class='ocr_line' id='line_1_35' title="bbox 414 2554 609 2607; baseline 0.005 -1"><span class='ocrx_word' id='word_1_240' title='bbox 414 2554 551 2607; x_wconf 81' lang='lat' dir='ltr'><strong>CAPUT</strong></span> <span class='ocrx_word' id='word_1_241' title='bbox 572 2556 609 2607; x_wconf 91' lang='lat' dir='ltr'><strong>ll.</strong></span> 
     </span>
    </p>
   </div>
   <div class='ocr_carea' id='block_1_4' title="bbox 140 2639 915 2792">
    <p class='ocr_par' dir='ltr' id='par_1_4' title="bbox 140 2639 915 2792">
     <span class='ocr_line' id='line_1_36' title="bbox 140 2639 886 2703; baseline 0 -13"><span class='ocrx_word' id='word_1_242' title='bbox 140 2639 188 2691; x_wconf 88' lang='lat' dir='ltr'><strong>De</strong></span> <span class='ocrx_word' id='word_1_243' title='bbox 205 2641 352 2703; x_wconf 58' lang='lat' dir='ltr'><strong>aerario,</strong></span> <span class='ocrx_word' id='word_1_244' title='bbox 377 2655 509 2691; x_wconf 83' lang='lat' dir='ltr'><strong>carcere</strong></span> <span class='ocrx_word' id='word_1_245' title='bbox 526 2646 557 2689; x_wconf 82' lang='lat' dir='ltr'><strong>et</strong></span> <span class='ocrx_word' id='word_1_246' title='bbox 574 2639 667 2690; x_wconf 81' lang='lat' dir='ltr'><strong>cario</strong></span> <span class='ocrx_word' id='word_1_247' title='bbox 685 2641 886 2692; x_wconf 77' lang='lat' dir='ltr'><strong>ordinandis.</strong></span> 
     </span>
     <span class='ocr_line' id='line_1_37' title="bbox 164 2720 915 2792; baseline -0.001 -19"><span class='ocrx_word' id='word_1_248' title='bbox 164 2727 321 2788; x_wconf 81' lang='lat' dir='ltr'><strong>Aerarium,</strong></span> <span class='ocrx_word' id='word_1_249' title='bbox 339 2738 447 2786; x_wconf 89' lang='lat' dir='ltr'><strong>carcer,</strong></span> <span class='ocrx_word' id='word_1_250' title='bbox 463 2723 540 2773; x_wconf 89' lang='lat' dir='ltr'><strong>curia</strong></span> <span class='ocrx_word' id='word_1_251' title='bbox 554 2720 617 2774; x_wconf 84' lang='lat' dir='ltr'><strong>foro</strong></span> <span class='ocrx_word' id='word_1_252' title='bbox 633 2731 698 2775; x_wconf 89' lang='lat' dir='ltr'><strong>sunt</strong></span> <span class='ocrx_word' id='word_1_253' title='bbox 712 2723 915 2792; x_wconf 87' lang='lat' dir='ltr'><strong>coniungenda,</strong></span> 
     </span>
    </p>
   </div>
   <div class='ocr_carea' id='block_1_5' title="bbox 0 0 1040 3090">
    <p class='ocr_par' dir='ltr' id='par_1_5' title="bbox 0 0 1040 3090">
     <span class='ocr_line' id='line_1_38' title="bbox 0 0 1040 3090; baseline 0 0"><span class='ocrx_word' id='word_1_254' title='bbox 0 0 1040 3090; x_wconf 95' lang='lat' dir='ltr'><strong> </strong></span> 
     </span>
    </p>
   </div>
  </div>
 </body>
</html>
