2054 3090
328 183 454 240 LIBER
470 188 520 242 Vl.
550 189 633 244 csP.
652 190 703 243 Vl.
869 193 913 244 131

110 286 260 338 commoda
279 290 334 340 erit
354 290 536 344 ministratio:
561 291 718 360 habeatque
739 295 915 345 coniunctam

112 356 247 405 vinariam
263 356 375 420 cellam,
394 357 541 410 habentem
556 360 592 410 ad
604 362 822 427 septentrionem
837 363 915 411 lumi-

113 422 357 488 nafenestrarum3
378 441 438 476 cum
458 428 530 477 enim
547 428 603 477 alia
612 435 690 494 parte
702 426 845 489 habuerit,
862 444 916 544 qua

114 489 158 540 sol
172 488 328 542 calefacere
344 493 447 558 possit,
466 495 558 544 vinum
575 495 648 561 quod
669 495 723 545 erit
736 495 764 544 in
785 497 915 557 eccela,

112 556 260 607 confusum
274 559 308 608 ab
320 560 414 610 calore
426 561 562 612 efficietur
574 562 753 612 imbecillum.
790 562 814 612 3.
835 562 915 611 Olea-

113 625 155 674 ria
173 631 265 676 autem
284 627 325 676 ita
344 633 387 677 est
406 628 584 691 collocanda,
604 636 635 680 ut
650 628 752 679 habeat
768 644 784 680 a
799 630 915 679 meridie

113 692 267 759 calidisque
278 694 439 761 regionibus
451 695 557 758 lumen,
578 711 632 746 non
645 697 716 747 enim
728 697 812 746 debet
823 697 915 747 oleum

113 760 270 826 congelari,
290 760 341 811 sed
354 768 452 828 tepore
467 763 569 813 caloris
586 765 739 814 extenuari.
776 764 914 831 Magnitu-

114 827 192 877 dines
207 833 299 878 autem
314 842 408 878 earum
423 829 457 879 ad
474 829 613 880 fructuum
628 833 764 880 rationem
783 837 811 881 et
822 834 914 881 nunic-

114 909 174 944 rum
184 893 323 945 doliorum
336 902 400 947 sunt
408 894 566 960 faciendam
586 912 656 964 quae
667 913 729 948 curn
740 899 798 948 sint
812 898 914 949 cullea-

114 962 168 1024 ria,
186 976 236 1027 per
249 961 369 1013 medium
385 978 522 1029 occupare
537 964 640 1015 debent
652 965 738 1030 pedes
753 971 913 1030 quaternos.

114 1030 205 1094 ipsum
229 1035 321 1080 autem
341 1031 480 1091 torcular,
505 1031 530 1081 si
548 1047 604 1082 non
624 1030 748 1082 cochleis
767 1038 916 1098 torquetur

114 1095 164 1146 sed
182 1096 308 1147 vectibus
328 1103 358 1148 et
373 1097 452 1163 prelo
472 1099 619 1164 premitur,
638 1113 671 1149 ne
690 1100 780 1149 nrinus
799 1099 914 1165 longum

113 1164 199 1230 pedes
209 1165 393 1232 quadraginta
404 1167 602 1229 constituatur3
616 1167 657 1216 ita
667 1167 739 1216 enim
747 1166 802 1215 erit
810 1168 913 1216 vectia-

112 1232 155 1282 rio
171 1232 290 1298 spatium
305 1231 479 1298 expeditum:
498 1232 618 1283 latitudo
634 1235 694 1282 eius
711 1248 745 1283 ne
764 1233 854 1284 minus
867 1248 914 1298 pe·

113 1300 177 1349 dum
188 1313 284 1349 senum
294 1298 407 1362 denum3
427 1315 488 1349 nam
499 1300 540 1351 sic
551 1301 604 1351 erit
615 1300 649 1350 ad
664 1300 775 1365 plenum
790 1314 860 1365 opus
874 1300 914 1350 fa-

113 1365 250 1416 cientibus
269 1365 359 1416 libera
379 1368 501 1418 versatio
527 1374 557 1418 et
577 1368 716 1434 expedita.
753 1365 801 1419 Sin
821 1374 913 1419 autem

113 1432 222 1483 duobus
238 1433 326 1499 prelis
340 1433 404 1484 loco
420 1449 489 1500 opus
508 1433 606 1497 fuerit,
627 1440 748 1502 quatuor
767 1441 796 1486 et
814 1436 913 1502 viginti

112 1500 199 1567 pedes
223 1500 363 1551 latitudini
388 1500 496 1553 dentur.
531 1503 557 1554 4.
577 1502 670 1553 Ovilia
689 1508 718 1553 et
739 1502 855 1568 caprilia
874 1504 915 1554 ita

112 1583 212 1634 magna
231 1573 296 1619 suut
313 1566 455 1632 facienda,
474 1576 506 1620 ut
524 1571 635 1650 singula
653 1585 757 1636 pecora
775 1584 858 1619 areae
878 1585 913 1620 ne

112 1635 202 1686 minus
212 1634 299 1700 pedes
311 1641 461 1702 quaternos
473 1643 502 1688 et
513 1638 697 1704 semipedem,
713 1653 747 1687 ne
757 1636 819 1702 plus
829 1652 913 1688 senos

110 1704 220 1769 possint
239 1701 350 1754 habere.
386 1702 523 1754 Granaria
540 1706 689 1756 sublimata
705 1710 734 1754 et
753 1704 787 1754 ad
803 1710 913 1769 septen·

110 1770 231 1820 trionem
245 1776 294 1821 aut
304 1771 461 1837 aquilonem
479 1774 636 1838 spectantia
655 1771 848 1836 disponantur3
871 1772 913 1821 ita

112 1837 185 1888 enirn
199 1835 338 1888 frumenta
351 1853 406 1888 non
441 1845 553 1890 oberunt
567 1841 622 1890 cito
634 1837 845 1897 concalescere,
861 1837 913 1888 sed

111 1903 205 1954 afflatu
222 1903 391 1971 refrigerata
428 1907 457 1957 iu
477 1914 635 1957 servantur:
659 1918 776 1970 namque
800 1911 912 1954 ceterae

110 1972 243 2039 regiones
259 1979 408 2038 procreant
421 1974 609 2024 curculionem
627 1979 656 2022 ot
668 1971 791 2036 reliquas
807 1970 912 2022 bestio-

110 2041 166 2101 las,
184 2053 254 2105 quae
269 2039 414 2090 frumentis
426 2041 519 2091 solent
533 2055 645 2091 nocere.
680 2037 826 2105 Equilibus
840 2053 910 2105 quae

110 2107 229 2157 maxime
244 2107 272 2156 in
282 2106 349 2157 villa
358 2107 422 2158 loca
436 2108 608 2159 calidissima
620 2106 726 2157 fuerint
740 2107 911 2156 constituan-

110 2181 169 2235 tur,
186 2174 250 2224 dum
265 2188 299 2224 ne
316 2174 350 2225 ad
364 2174 457 2226 iocum
471 2182 609 2242 spectent3
630 2189 691 2224 eum
702 2174 775 2224 enim
789 2172 912 2224 iumenta

110 2242 236 2307 proxime
249 2242 343 2308 ignem
358 2242 545 2306 stabulantur,
561 2241 675 2293 horrida
685 2242 762 2292 liunt.
798 2241 822 2292 b.
842 2241 910 2292 ltem

111 2324 166 2359 non
183 2315 248 2360 sunt
262 2309 541 2376 inutiliapracsepia‚
556 2325 627 2377 quae
643 2309 818 2362 collocantur
832 2316 911 2359 extra

111 2377 231 2427 culinam
250 2377 278 2426 in
298 2383 394 2443 aperto
415 2384 514 2428 contra
534 2379 683 2441 orientem3
708 2393 769 2428 cum
794 2377 910 2428 enimin

110 2442 201 2494 hieme
217 2444 282 2495 anni
292 2459 392 2495 sereno
404 2445 486 2496 coelo
499 2447 528 2496 in
542 2460 577 2496 ea
587 2445 785 2507 traducuntur,
801 2444 911 2494 matuti-

111 2526 146 2561 no
160 2510 248 2562 boves
259 2511 294 2562 ad
304 2513 392 2563 solem
407 2512 538 2578 pabulum
550 2513 705 2580 capientes,
721 2510 911 2562 liuntnitidio·
977 2541 981 2548 -

109 2593 164 2630 res.
200 2578 325 2643 llorrea,
340 2578 469 2643 foenilia,
487 2579 619 2642 ferraria,
636 2580 755 2646 pistrina
768 2585 848 2631 extra
861 2577 911 2627 vil-

110 2646 165 2696 lam
178 2645 457 2711 faciendaridentur,
472 2656 503 2700 ut
516 2649 551 2699 ab
564 2649 638 2716 ignis
652 2646 777 2714 periculo
793 2646 849 2696 sint
862 2645 911 2695 vil·

110 2715 153 2767 lae
169 2715 297 2767 tutiores.
334 2714 363 2769 Si
378 2715 445 2786 quid
461 2715 610 2768 delicatius
630 2717 659 2768 in
668 2714 741 2837 lvilla
754 2712 912 2766 faciendum
