2054 3090
266 203 480 257 LIBERVll.
508 205 594 258 CAP.
612 206 666 259 IX.
717 243 720 248 -
820 202 868 258 159

76 317 116 354 »ae
134 310 294 370 portantur,
315 312 344 357 et
362 320 412 372 per
426 306 591 372 publicanos
604 308 710 359 Romae
728 314 868 359 curantur.

76 370 122 422 iae
139 379 232 423 autem
248 373 375 423 officinae
386 374 533 425 suntinter
547 375 644 426 aedem
654 375 757 427 Florae
766 380 795 425 et
804 374 869 435 Qui-

76 439 126 489 ini.
162 439 187 490 5.
206 439 330 490 Vitiatur
342 441 457 490 minium
475 441 600 493 admixta
619 443 708 494 calce:
728 442 823 507 itaque
844 441 869 492 si
944 482 947 489 .

76 506 125 571 puis
140 507 208 557 velit
225 507 346 572 experiri
356 507 385 557 id
396 508 456 558 sins
466 509 535 559 vitio
550 523 626 573 esse,
643 510 684 560 sic
695 509 749 561 erit
762 508 868 559 faciun-

76 575 136 623 lum.
172 573 278 625 Ferrea
290 574 383 624 lamna
397 581 536 639 sumatur3
557 591 590 627 eo
610 577 726 627 minium
744 576 868 642 impona·

76 655 122 703 ur,
141 640 176 690 ad
191 642 284 708 ignem
299 641 469 705 collocetur,
486 642 577 695 donec
591 644 684 695 lamna
703 644 867 705 candescat3

76 708 867 779 ¹urnecandorecolorimmutatusfueriteritqueate'r,tol-

76 775 137 825 atur
152 776 244 826 lamna
258 777 292 826 ab
308 777 387 843 igne,
407 782 436 828 ot
449 778 475 828 sl
488 777 686 846 refrigeratum
701 781 868 830 restituatur

76 860 90 892 n
101 843 248 908 pristinum
260 843 394 905 colorem,
407 844 466 895 sine
477 845 546 895 vitio
559 860 622 900 esse
630 846 807 912 probabitur:
824 846 866 896 sin

76 916 154 959 ,utem
167 911 352 976 permanserit
361 911 442 978 nigro
453 911 564 975 colore,
582 913 753 980 significabit
763 927 793 963 se
805 926 867 962 esse

78 977 195 1029 itiatum.

113 1043 137 1095 6.
157 1045 235 1105 Quae
246 1060 410 1096 succurrere
420 1052 572 1113 potuerunt
581 1047 650 1098 mihi
658 1048 692 1099 de
703 1047 789 1098 minio
801 1045 867 1096 dixi.

76 1110 248 1178 {brysocolla
256 1118 419 1178 apportatur
433 1114 639 1179 aMacedonia;
658 1114 868 1166 foditurautem

76 1195 98 1230 :x
107 1179 149 1229 his
160 1179 246 1241 locis,
263 1181 311 1246 qui
321 1186 386 1231 sunt
394 1182 514 1246 proximi
525 1183 642 1234 aerariis
653 1182 785 1234 metallis.
819 1180 868 1230 Ar-

76 1248 184 1297 nenium
198 1253 226 1298 et
241 1247 365 1298 indicum
385 1249 544 1300 nominibus
557 1250 627 1316 ipsis
648 1250 789 1301 indicatur
809 1247 867 1314 qui·

76 1331 114 1364 rus
125 1315 152 1364 in
164 1314 233 1365 loeis
244 1321 435 1381 procreantur.
839 1343 843 1351 ι

369 1416 505 1469 cnPur
531 1417 566 1470 X.

76 1498 112 1551 le
131 1500 297 1554 coloribus
319 1500 375 1569 qui
393 1509 466 1553 arte
476 1500 591 1571 finon
615 1503 653 1554 de
671 1508 866 1555 atramento.

113 1585 258 1653 Ingrediar
272 1601 345 1650 nunc
356 1586 391 1637 ud
401 1601 436 1638 ea
445 1602 516 1654 quae
531 1602 567 1639 ex
576 1587 639 1639 aliis
650 1587 800 1656 generibus
814 1592 869 1638 tra·

76 1654 217 1703 dationum
230 1655 425 1719 temperaturis
448 1661 618 1706 commutata
634 1656 773 1722 recipiunt
792 1653 868 1706 colo·

76 1736 123 1770 um
134 1721 334 1786 proprietates:
346 1727 375 1771 et
383 1721 499 1787 primum
511 1736 647 1788 exponam
657 1722 692 1774 de
703 1726 869 1783 atramento,

76 1788 143 1837 auius
158 1803 225 1837 usus
240 1788 272 1850 in¹
288 1789 419 1852 operibus
438 1803 553 1854 magnas
571 1786 656 1840 habet
675 1789 869 1849 necessitates,

76 1860 95 1903 rt
105 1855 160 1904 sint
171 1860 268 1915 notae,
280 1851 511 1920 quemadmodum
520 1862 722 1921 praeparentur
732 1855 818 1906 certis
828 1867 871 1903 ra-

79 1920 190 1969 ionibus
201 1920 384 1970 artificiorum
392 1922 427 1971 ad
437 1923 479 1983 id,
494 1928 708 1987 temperaturae.
744 1923 769 1973 2.
787 1919 870 1972 Nam-

76 2001 119 2054 pue
142 1987 306 2037 aedificatur
324 1987 404 2038 locus
420 1989 461 2039 uti
476 1987 660 2051 Laconicum,
682 1995 711 2040 et
730 1989 870 2054 expolitur

76 2068 204 2104 narmore
219 2054 360 2105 subtiliter
377 2061 406 2105 et
421 2055 590 2122 laevigatur:
611 2061 675 2107 ante
690 2056 720 2106 id
736 2055 869 2106 fitiorna-

76 2123 130 2172 :ula
146 2120 250 2172 habens
269 2122 297 2171 in
313 2120 485 2173 Laconicum
504 2137 602 2185 nares,
622 2129 651 2174 et
669 2123 730 2174 eius
746 2121 870 2190 praefur-

76 2191 140 2240 nium
156 2203 257 2256 magna
272 2189 419 2306 diligentia
434 2190 688 2256 comprimitur,'ne
697 2189 808 2242 flamma
825 2205 870 2240 ex·

338 2274 355 2307 n
366 2256 482 2308 fornace
496 2260 591 2308 resina
610 2258 780 2309 collocatur:
791 2255 871 2307 'lianc

76 2330 158 2375 tutem
175 2325 248 2391 ignis
262 2330 389 2390 potestas
400 2326 507 2375 urendo
523 2325 600 2392 cogit
614 2327 741 2377 emittere
757 2340 808 2391 per
825 2339 870 2373 na-

76 2407 110 2442 ·es
125 2392 199 2442 intra
209 2391 379 2443 Laconicum
388 2391 547 2460 fuliginem,
564 2408 634 2459 quae
646 2394 721 2444 circa
733 2392 868 2458 parietem

76 2466 95 2511 rt
114 2475 241 2510 camerae
261 2465 437 2511 curvaturam
455 2457 646 2511 adhaerescit:
663 2459 729 2510 inde
750 2458 871 2511 collecta

76 2528 165 2578 tactim
182 2529 359 2594 componitur
369 2542 404 2578 ex
415 2527 519 2595 gummi
529 2527 646 2579 subacta
657 2526 691 2577 ad
708 2542 787 2577 usum
799 2533 870 2575 atra-

76 2596 152 2646 nenti
166 2594 289 2657 librarii,
306 2595 415 2662 reliqua
431 2600 555 2646 tectores
571 2595 708 2662 glutinum
719 2593 871 2644 admiscen-

76 2676 110 2713 :es
126 2663 154 2712 in
169 2662 323 2729 parietibus
334 2668 459 2715 utuntur.
494 2661 518 2732 3.
538 2661 588 2732 Sin
602 2668 695 2713 autem
705 2659 758 2712 bae
773 2660 870 2726 copiae

76 2744 125 2782 ron
139 2728 245 2781 fuerint
258 2736 387 2797 paratae,
404 2731 447 2782 ita
458 2729 676 2783 necessitatibus
691 2729 745 2781 erit
759 2727 871 2780 admini-

78 2273 109 2307 ra
128 2257 289 2322 dissipetur.
