2054 3090
333 183 461 242 LIBER
477 188 512 243 X.
530 188 624 244 CAP.
648 188 685 242 ll.
859 188 912 241 tlt

109 288 265 356 inienio&
282 290 405 344 refertur
423 301 516 344 autern
533 293 569 344 ad
583 291 740 345 orbiculum
753 290 839 343 imum
850 297 911 343 tto·

108 358 207 412 chiese
214 361 382 427 superioris,
397 366 426 412 et
438 361 479 412 ita
493 359 639 412 descendit
648 358 681 412 ad
692 358 868 423 inferiorern,
880 364 913 411 ct

108 429 138 479 iu
151 424 291 479 foramine
304 429 364 479 eius
372 427 522 496 religatur:
533 428 624 480 altera
633 442 697 495 pars
706 427 782 479 funis
792 426 914 478 selenus·

106 497 183 547 inter
194 493 415 576 imasmaolrinue
430 502 534 563 partes.
569 497 594 548 2.
611 495 643 547 ln
654 496 766 564 quadris
776 500 869 546 autem
878 495 912 544 ti-

106 562 914 697 dissiliitllllltlttlltllilpltfft

106 696 235 750 faciliter
244 712 311 750 axes
322 704 474 750 versentur.
493 699 552 750 Eae
562 699 810 766 suculaepruxime
820 698 912 765 capita

108 764 215 818 habent
226 765 364 816 foramina
377 767 443 817 bina
454 766 496 818 lta
509 772 677 834 temperata,
691 772 723 817 ut
735 771 831 817 vectes
839 763 869 815 in
878 778 913 816 eu

109 834 260 885 convenire
271 834 390 900 possint.
425 833 466 886 Ad
480 831 639 885 rechamum
651 834 843 885 antoninum
858 829 913 884 fers

107 902 152 952 rei
163 898 280 952 ‘forfices
287 901 455 970 religantur,
470 914 587 970 quorum
598 901 695 953 dentes
704 902 734 951 in
744 914 812 954 saxa
821 899 914 951 forata

109 968 364 1020 accommodantur.
399 966 468 1020 Cum
486 975 579 1020 autem
591 967 669 1021 urnis
681 966 768 1019 habet
782 974 864 1034 caput
878 968 912 1018 ad

110 1037 238 1088 suculam
256 1036 405 1104 religatum
419 1043 449 1088 ot
463 1042 555 1088 vectes
566 1033 703 1088 ducentes
718 1048 778 1087 carn
792 1045 912 1097 versant,

109 1103 187 1155 funis
202 1104 369 1156 involvendo
384 1105 489 1156 circum
502 1102 627 1157 suculam
638 1101 813 1168 extenditur,
833 1109 862 1154 et
872 1103 914 1154 itu

96 1168 241 1230 ‚sublevat
257 1186 343 1223 onera
355 1170 390 1223 ad
399 1172 575 1224 altitudinem
586 1176 741 1240 ctopcrum
751 1171 913 1223 collucutio·-

111 1253 173 1291 nes.
208 1236 232 1290 8.
250 1238 331 1291 llaec
346 1246 437 1291 autem
450 1236 525 1292 ratio
539 1238 766 1302 machinationis,
780 1239 856 1306 quud
865 1250 915 1306 por

110 1312 172 1358 tres
183 1306 325 1358 orbiculos
339 1307 581 1371 circumvolutum,
590 1306 913 1377 trispastos-appellatur.

112 1372 183 1426 Cum
197 1388 264 1426 vero
277 1374 307 1425 in
321 1376 377 1426 ima
388 1373 516 1427 cochlea
529 1376 585 1426 duo
601 1371 720 1426 orbiculi
728 1374 758 1426 ln
770 1374 913 1442 superiore

110 1449 173 1494 tres
184 1449 343 1507 versantur,
356 1440 386 1494 id
396 1448 599 1512 pentaspaston
612 1442 724 1496 dicitur.
760 1440 809 1495 Sin
822 1448 914 1493 autern

112 1509 267 1562 maimibus
288 1510 418 1563 oneribus
438 1518 519 1563 erunt
535 1506 682 1563 maritinae
698 1509 914 1578 comparandae,

113 1574 296 1645 amplionlsus
310 1578 450 1647 tignorum
469 1577 517 1631 lon
549 1576 691 1631 ordinibus
709 1580 740 1631 et
751 1577 915 1630 cmssltudl-

112 1646 197 1697 nibus
212 1646 266 1696 erit
279 1647 424 1711 utendum,
444 1653 499 1698 ete
594 1646 706 1698 rationo
719 1647 749 1697 ln
762 1658 870 1697 summe
884 1645 914 1694 li-

112 1708 306 1765 liulationlbus
319 1714 348 1765 ln
361 1715 417 1766 imo
432 1715 590 1767 sucularum
607 1712 811 1766 versationibus
832 1720 914 1779 expe·

106 1780 256 1848 diundnm.
274 1778 370 1834 Hisex
389 1780 914 1834 licatisantarlliunesante·lsxieollo-

114 1853 226 1912 centur,
245 1797 401 1901 retinacufa
418 1860 503 1917 supra
521 1848 649 1968 scapulas
664 1846 810 1900 machinae
829 1847 914 1914 longe

113 1914 309 1985 disponantur,
329 1924 371 1981 et,
385 1917 409 1968 si
423 1929 478 1968 non
490 1917 545 1968 erit
557 1930 576 1968 u
594 1915 787 1984 inligentur,
801 1915 859 1982 pell
873 1926 915 1965 re-

112 1984 236 2052 supinati
250 1981 429 2036 defodiantur
456 1989 485 2036 et
497 1984 602 2036 elrcum
616 1982 839 2035 fistucationibus
850 1983 915 2034 soli-

112 2052 226 2117 dentur,
246 2065 300 2120 quo
319 2050 400 2104 limes
419 2021 753 2133 alligenturssrouhlea
766 2051 795 2102 in
807 2060 913 2101 summo

113 2121 205 2189 capite
218 2117 363 2172 machinae
376 2118 488 2172 rudent
504 2119 692 2182 contineatur,
706 2124 736 2169 et
749 2133 785 2170 ex
794 2132 828 2169 eo
838 2117 914 2169 funis

111 2186 281 2256 perducatur
294 2188 329 2239 ad
338 2188 430 2256 palum
441 2193 470 2239 et
479 2202 550 2256 quae
561 2186 642 2238 estin
670 2184 716 2238 alo
725 2184 853 2238 trucides
862 2186 915 2236 illi-

112 2198 917 2392 ittlt?{ttlllzlfllllinlllllliillidit

395 2360 402 2387 l

132 2397 187 2443 uta.
223 2389 334 2443 circum
348 2399 439 2443 autem
453 2388 608 2443 orbiculum
617 2390 652 2441 ab
662 2404 769 2442 summo
780 2390 914 2441 traiectus

111 2404 187 2510 {unis
198 2457 350 2512 descendat
359 2466 387 2511 et
396 2460 494 2511 redeat
503 2458 539 2511 ud
549 2459 759 2527 sutulam‚quae
770 2457 851 2508 estin
861 2457 917 2506 ima

111 2524 241 2578 machina
258 2526 353 2594 ibique
371 2528 517 2596 religetur.
552 2524 687 2578 Vectllus
707 2530 799 2576 autem
818 2529 917 2576 oneum

111 2590 371 2648 maniaversubltnr
381 2603 410 2648 et
419 2597 510 2663 eriget
518 2606 569 2662 per
578 2590 768 2645 semachlnam
775 2593 835 2644 sine
844 2592 916 2659 perl-

111 2659 185 2714 culo:
201 2662 242 2714 ita
256 2662 331 2713 eirca
341 2662 486 2731 dispositis
495 2660 609 2714 iunlbus
621 2660 821 2712 etretlnaenlis
831 2662 859 2710 in
869 2674 915 2727 pa-

110 2728 148 2782 lis
157 2728 338 2787 haerentibus
347 2731 481 2805 ampliore
491 2730 575 2785 modo
584 2728 713 2782 machina
721 2728 914 2784 collocabitur.
