2054 3090
270 207 485 262 claravit.
513 211 755 267 PRAEFATIO.
869 213 917 268 139

110 309 672 378 modosuntr·eprehendendi,sedetiam,
707 316 917 383 uiaimpiomo-

110 395 139 430 re
160 380 305 441 vixerunt,
324 393 417 444 poena
430 381 643 434 condemnandi.
705 398 737 434 ec
751 390 844 435 tamen
863 384 915 435 hae

111 462 223 497 resnou
236 447 391 510 vindicatae
403 448 542 499 curiosius
553 448 587 499 ab
597 451 720 517 antiquis
735 467 799 502 esse
812 467 915 503 memo·

95 520 222 577 .rantur;
243 528 360 580 quorum
375 514 466 565 exitus
481 515 648 568 iudiciorum
663 519 711 585 qui
723 517 842 581 fuerint,
860 535 916 570 non

112 588 157 632 est
170 583 291 632 alienum
306 583 538 648 quemadmodum
553 584 610 635 sint
623 585 704 636 nobis
718 587 816 637 traditi
830 587 916 652 expli·

111 664 185 699 care.
220 649 245 698 4.
264 649 357 716 Reges
371 650 484 700 Attalici
501 651 610 717 magnis
628 650 803 721 philologiae
823 655 916 704 dulce·

111 716 222 767 dinibus
236 717 344 766 inducti
358 731 420 766 cum
436 718 578 784 egregiam
596 717 795 771 bibliothecam
810 720 915 788 Perga·

111 784 148 834 mi
164 784 197 832 ad
213 798 385 833 communem
400 785 616 835 delectationem
629 787 830 848 instituissent,
849 793 916 838 tunc

112 853 178 900 item
195 850 387 913 Ptolemaeus,
407 851 516 901 infinito
532 853 596 903 zelo
612 854 828 921 cupiditatisque
846 855 915 904 inci-

111 924 186 968 tatus
204 918 311 979 studio,
332 933 387 968 non
405 918 559 969 minoribus
578 919 723 971 industriis
743 923 778 972 ad
797 922 915 972 eundem

110 986 224 1036 modum
239 987 424 1036 contenderat
436 987 620 1037 Alexandriae
640 1002 810 1052 comparare.
847 988 915 1038 Cum

111 1060 204 1104 autem
218 1068 324 1104 summa
338 1053 484 1120 diligentia
497 1052 676 1120 perfecisset,
696 1069 751 1105 non
765 1057 873 1120 putavit
886 1055 916 1105 id

113 1121 182 1171 satis
194 1135 269 1183 esse,
285 1121 339 1171 nisi
353 1120 602 1187 propagationibus
616 1121 644 1171 in
659 1123 821 1173 seminando
837 1137 914 1172 cura-

112 1195 155 1238 ret
170 1189 333 1254 augendarn.
370 1189 466 1254 ltaque
482 1189 570 1238 Musis
590 1194 619 1238 et
632 1189 753 1253 Apollini
771 1190 853 1239 ludos
868 1190 910 1239 de

112 1257 228 1315 dicavit,
250 1262 277 1305 et
297 1255 527 1322 quemadmodum
546 1253 713 1305 athletarum
733 1258 775 1307 sic
795 1272 913 1307 commu-

112 1325 185 1373 nium
197 1323 363 1388 scriptorum
374 1323 527 1373 victoribus
538 1324 661 1388 praemia
671 1331 699 1373 et
713 1321 835 1374 honores
850 1338 914 1374 con-

111 1391 209 1440 stituit.
245 1391 269 1440 5.
289 1391 341 1440 llis
356 1391 396 1441 ita
408 1391 545 1440 institutis
561 1406 623 1440 curn
638 1392 695 1441 ludi
710 1392 855 1454 adessent,
874 1392 914 1440 iu-

112 1459 187 1508 dices
198 1457 316 1519 literati,
329 1459 374 1525 qui
386 1473 419 1508 ea
429 1458 593 1525 probarent,
609 1464 689 1509 erant
697 1459 818 1526 legendi.
855 1458 915 1509 Rex

112 1542 173 1574 curu
187 1526 242 1575 iarn
263 1540 297 1575 ex
312 1527 424 1576 civitate
444 1541 494 1576 sex
508 1527 597 1576 lectos
613 1524 769 1587 habuisset,
793 1540 845 1577 nec
858 1532 913 1576 tam

112 1594 167 1642 cito
179 1594 324 1658 septimum
335 1595 465 1644 idoneum
476 1594 627 1655 inveniret,
639 1594 735 1644 retulit
744 1594 779 1644 ad
791 1609 855 1654 eos,
866 1593 912 1660 qui

111 1676 194 1726 supra
203 1659 401 1711 bibliothecam
415 1660 538 1721 inerant,
553 1667 582 1710 et
592 1662 725 1727 quaesiit,
739 1662 856 1728 siquem
866 1675 914 1711 no·

111 1728 216 1776 cissent
234 1728 268 1777 ad
287 1728 316 1777 id
335 1743 368 1777 ex
389 1728 503 1778 editum.
539 1728 618 1778 'l'unc
638 1729 664 1778 ci
683 1729 826 1789 dixerunt,
850 1742 913 1777 esse

110 1795 247 1858 quondam
260 1744 485 1859 Aristophanem,
500 1795 548 1861 qui
562 1810 668 1844 summo
683 1795 776 1845 studio
797 1809 914 1845 summa·

111 1875 163 1926 que
179 1861 325 1926 diligentia
339 1862 464 1926 quotidie
480 1876 576 1912 omnes
587 1861 675 1912 libros
690 1876 725 1913 ert
740 1861 837 1912 ordine
853 1875 913 1926 per-

111 1930 226 1992 legeret.
265 1927 358 1992 ltaque
372 1929 401 1978 in
412 1934 550 1978 conventu
563 1929 691 1979 ludorum
711 1943 772 1978 cum
786 1935 912 1978 secretae

111 1995 192 2044 sedes
207 1994 345 2044 iudicibus
360 2005 455 2044 essent
470 1995 649 2056 distributae,
666 2010 727 2044 cum
742 1995 844 2044 ceteris
854 1995 912 2045 Ari-

111 2060 262 2128 stophanes
283 2062 398 2124 citatus,
424 2061 654 2177 quemadmodum
673 2061 767 2111 fuerat
786 2063 866 2112 locus
886 2063 911 2110 ei

111 2131 288 2195 designatus,
313 2129 395 2179 sedit.
449 2128 569 2178 ‚Primo
595 2131 741 2195 poetarum
761 2129 857 2180 ordine
877 2129 910 2178 ad

110 2197 291 2247 certationem
305 2196 433 2256 inducto,
453 2211 514 2245 curn
528 2196 714 2247 recitarentur
727 2196 844 2261 scripta,
864 2210 911 2261 po-

109 2265 190 2330 pulns
210 2270 325 2313 cunctus
345 2263 529 2330 significando
549 2263 680 2314 monebat
698 2263 820 2325 iudices,
841 2278 911 2330 quos

110 2332 267 2397 probarent.
304 2330 399 2397 ltaque
415 2345 477 2380 cum
491 2330 525 2381 ab
539 2330 658 2397 singulis
672 2330 829 2381 sententiae
848 2337 912 2381 sunt

110 2405 238 2465 rogatae,
250 2413 299 2448 sex
310 2414 365 2448 una
375 2399 516 2459 dixerunt,
533 2403 650 2464 atquem
661 2397 780 2448 maxime
790 2397 910 2448 animad-

109 2471 250 2516 verterunt
259 2466 428 2516 multitudini
439 2465 576 2533 placuisse
587 2465 612 2514 ei
623 2466 740 2531 primum
749 2465 911 2531 praemium,

106 2534 264 2599 insequenti
278 2535 429 2585 secundum
447 2533 611 2583 tribuerunt.
647 2529 847 2599 Aristophanes
867 2547 911 2582 ve-

107 2615 152 2661 ro,
164 2616 224 2650 curn
236 2600 269 2650 ab
281 2615 314 2650 eo
327 2602 466 2651 sententia
476 2605 637 2666 rogaretur,
649 2615 710 2651 eum
721 2600 839 2666 primum
848 2614 910 2666 pro-

109 2668 234 2718 nunciari
253 2668 347 2731 iussit,
368 2669 413 2735 qui
433 2668 545 2718 minime
566 2669 668 2734 populo
689 2666 849 2735 placuisset.
884 2668 909 2719 i.

109 2734 176 2785 Cum
191 2741 283 2787 autem
297 2751 348 2788 rex
361 2742 390 2788 et
403 2737 526 2788 universi
540 2734 720 2788 vehementer
733 2735 911 2802 indignaren-
