2054 3090
335 190 467 244 latrat:
484 189 538 242 111.
567 189 652 241 CAP.
670 189 691 241 1.
883 190 921 240 tt

106 303 172 348 tem.
200 295 233 346 4
252 293 363 360 ltaque,
379 292 547 356 Imperator,
564 292 592 340 in
608 291 698 360 primo
709 290 849 342 volumine
863 292 916 341 tibi

107 363 142 414 de
157 368 218 413 arte
234 367 264 412 et
273 377 341 428 qua:
358 356 643 428 habeateavirtutes,
681 358 817 424 albusque
834 358 915 408 disci-

108 430 191 496 plinis
204 434 334 495 oporteat
345 440 407 476 esse
419 432 529 476 auctum
542 423 665 475 architae
698 441 733 486 m,
745 425 876 490 exposui,
888 432 917 476 et

108 497 216 560 subieci
227 511 340 555 causas,
353 492 417 558 quid
429 493 469 542 ita
477 508 570 543 earum
581 497 712 557 oporteat
723 506 786 542 eum
796 506 858 542 esse
869 507 915 557 pe·

108 564 205 624 ritum,
221 563 401 625 rationesque
412 574 534 609 summae
546 557 749 610 architecturae
765 559 916 623 partitione

108 630 238 681 distribui
257 626 486 692 finitionibusque
508 627 663 676 terminavi.
699 625 822 688 Deinde,
842 626 916 692 quod
986 634 996 652 ·

109 697 296 762 eratprimum
309 693 550 762 etlnecessarium,
559 681 602 743 'de
613 693 772 755 moenibus,
786 695 917 759 quemad·

109 764 220 814 modum
232 763 372 829 eligantur
382 760 438 810 loci
450 760 586 827 salubres,
597 759 859 810 ratiocinationibus
871 775 916 810 cx-

110 831 208 896 plicui,
225 830 356 894 ventique
375 828 423 893 qai
435 827 492 877 sint
506 833 560 877 ete
574 826 672 893 quibus
682 827 847 892 regionibus
862 828 921 876 sin-'

110 897 171 964 guli
181 897 301 963 spirent,
330 893 581 945 deformationibus
608 894 767 960 grammicis
792 894 916 956 ostendi;

110 965 319 1031 platearumque
331 967 359 1012 et
369 962 494 1011 vicorum
504 962 544 1012 uti
560 961 724 1011 emendatae
741 961 809 1010 fiant
825 960 917 1010 distri-

110 1032 240 1082 butiones
251 1031 280 1081 in
289 1029 445 1090 moenibus,
457 1028 553 1091 docui;
573 1029 651 1078 etita
661 1027 816 1078 linitionem
826 1027 916 1092 primo

112 1098 246 1149 volumini
274 1096 416 1148 constitui.
451 1094 521 1146 ltem
539 1095 568 1145 in
586 1094 709 1145 secundo
730 1093 764 1143 de
790 1094 916 1157 materia,

111 1163 179 1232 qiias
190 1163 293 1216 habeat
301 1165 330 1214 in
342 1161 473 1228 operibus
483 1161 637 1223 utilitates,
655 1166 683 1210 et
698 1160 797 1226 quibus
809 1161 917 1211 virtuti-

110 1233 162 1298 bus
174 1247 189 1282 e
200 1239 299 1283 natura
309 1245 402 1281 rerum
412 1234 457 1279 est
466 1232 641 1294 comparata,
656 1227 763 1293 peregi.
799 1225 879 1278 Nunc
889 1228 917 1277 in

111 1301 195 1350 tertio
206 1298 241 1350 de
253 1299 369 1349 deorum
382 1295 581 1348 immortalium
591 1294 707 1345 aedibus
718 1294 806 1345 sacris
817 1293 916 1358 dicant,

111 1373 140 1416 et
151 1368 193 1418 uti
203 1371 333 1432 oporteat
345 1365 514 1431 perscriptas
525 1376 588 1414 esse
600 1376 745 1429 exponam.

422 1465 561 1516 CAPUT
587 1465 608 1516 1.

113 1546 216 1607 (Unde
240 1547 446 1617 :prnrnetriae
459 1547 599 1619 faeriat
622 1549 664 1600 ad
685 1548 779 1600 aeder
802 1561 917 1600 :acras

408 1615 619 1678 translatae.)

160 1697 277 1750 Aedium
288 1700 455 1766 compositio
468 1707 579 1752 constat
595 1715 630 1753 er
644 1701 821 1768 symmetria,
839 1701 917 1750 cuius

111 1768 249 1821 rationem
274 1767 489 1834 diligentissime
515 1766 663 1820 architecti
684 1774 782 1818 tenere
806 1767 916 1817 debent.

112 1835 151 1884 Ea
162 1839 254 1900 autem
264 1836 397 1900 paritura
412 1836 611 1901 proportione,
624 1850 695 1902 quae
710 1848 811 1902 graece
827 1829 918 1881 sincalo—
976 1866 979 1873 ·

111 1903 152 1963 yla
169 1901 279 1951 dicitur.
315 1902 464 1967 Propertio
482 1908 525 1953 est
537 1909 615 1953 ratae
650 1903 718 1952 artis
732 1900 917 1952 membrorum

111 1969 139 2018 in
149 1967 226 2018 «imni
236 1981 320 2033 opere
330 1971 473 2035 totiusque
485 1918 717 2030 comniodui'atio,
735 1983 770 2018 ex
781 1982 836 2033 qua
845 1969 916 2017 ratio

112 2036 230 2085 efficitur
244 2037 475 2100 symmetriarum.
511 2035 637 2102 Namque
652 2050 708 2085 non
722 2039 817 2100 potest
833 2034 918 2084 aedes

110 2101 168 2152 ulla
177 2103 238 2152 sine‘
251 2105 414 2168 symmetria
428 2110 510 2169 atque
526 2099 708 2169 proportione
719 2101 856 2151 rationem
871 2099 917 2150 ha-

112 2170 176 2220 bere
188 2171 415 2234 compositionis,
430 2172 484 2220 nisi
498 2172 538 2221 uti
549 2170 583 2220 ad
593 2168 792 2220 hominisbene
806 2169 917 2236 figurati

111 2235 295 2287 membrorum
306 2236 434 2288 habuerit
448 2238 730 2289 exactamrationem.
766 2237 790 2286 2.
810 2237 917 2302 Corpus

111 2305 184 2354 enim
196 2302 316 2354 hominis
331 2306 371 2355 ita
386 2309 485 2356 natura
501 2305 673 2371 composuit,
690 2305 732 2354 uti
743 2319 774 2354 os
792 2305 890 2370 capitis
902 2319 918 2352 a

111 2377 203 2421 mento
225 2369 261 2420 ad
280 2369 402 2422 frontem
419 2388 552 2423 summam
566 2379 595 2423 et
607 2371 717 2422 radices
736 2371 806 2421 imas
823 2371 916 2437 capilli

113 2445 189 2489 esset
199 2438 324 2488 decimae
337 2439 437 2504 partis:
456 2440 523 2490 item
538 2455 634 2490 manus
648 2438 741 2505 palma
751 2437 785 2488 ab
797 2438 916 2488 articulo

111 2504 147 2556 ud
162 2512 316 2558 extremum
335 2507 456 2557 medium
472 2507 590 2574 digitum
602 2506 779 2557 tantundem:
804 2510 888 2570 caput
902 2519 919 2554 a

109 2579 204 2624 mento
219 2572 254 2622 ad
264 2589 399 2624 summum
411 2575 545 2625 verticem
556 2580 686 2625 octavae:
705 2571 869 2622 tantundem
884 2572 917 2622 ab

109 2639 173 2690 imis
185 2640 355 2701 cervicibus:
382 2641 415 2692 ab
428 2656 535 2693 summo
550 2646 667 2708 pectore
677 2639 792 2690 adimas
808 2638 917 2689 radices

110 2708 276 2773 capillorum
293 2713 402 2762 sextae:
432 2707 467 2759 ad
488 2724 624 2760 summum
639 2708 773 2760 verticem
793 2711 918 2775 quartae.
