2054 3090
322 200 451 252 LIBER
467 201 523 253 lll.
552 202 638 252 CAP.
657 202 711 252 lll.
885 200 919 254 63

111 304 164 364 ris,
177 309 206 353 et
216 302 347 353 Herculis
358 302 536 366 Pompeiani,
547 304 615 352 item
626 304 767 371 Capitolii.
804 303 827 354 6.
847 304 917 354 Red-

112 369 204 422 denda
214 385 286 420 nunc
296 376 339 420 est
349 369 462 438 Eustyli
469 371 556 432 ratio,
575 384 645 436 quae
655 371 774 421 maxime
789 371 918 436 probabi-

110 437 146 487 lis
163 443 192 487 et
205 436 240 486 ad
252 452 332 486 usum
349 442 378 486 et
392 436 427 486 ad
441 437 564 505 speciem
578 444 606 488 et
616 437 651 486 ad
661 437 821 487 firmitatem
833 438 919 488 ratio-

112 519 161 554 nes
172 502 257 554 habet
268 503 435 569 explicatas:
451 519 567 569 namque
576 503 706 554 iacienda
715 511 780 555 snnt
789 505 919 554 interval-

111 572 147 621 lis
158 570 370 636 spatiaduarum
381 570 570 621 columnarum
582 578 610 622 et
620 578 735 637 quartae
745 571 833 639 partis
843 571 918 621 colu-

99 640 197 693 mnae
220 637 430 698 crassitudinis,
465 638 641 705 mediumque
674 638 918 690 intercolumnium

110 720 209 766 unum,
226 702 302 770 quod
317 705 370 754 erit
384 705 414 754 in
429 703 537 766 fronte,
554 704 672 756 alterum
683 706 758 772 quod
769 706 823 755 erit
832 707 859 755 in
871 721 918 771 po-

110 773 196 832 stico,
224 772 309 820 trium
334 771 525 822 columnarum
546 772 739 823 crassitudine.
776 772 822 824 Sic
846 774 918 822 enirn

112 836 226 888 habebit
240 846 269 888 et
284 837 461 908 figurationis
474 845 617 905 aspectum
631 844 777 889 venustum
788 844 817 889 et
826 840 918 889 aditus

112 920 192 955 usum
202 906 262 955 sine
272 905 515 970 impeditionibus,
533 912 562 956 et
572 908 647 956 circa
657 906 756 956 cellam
767 905 918 956 ambulatio

112 972 318 1022 auctoritatem.
353 973 378 1022 i.
397 972 488 1023 Huius
505 979 596 1024 autern
610 974 651 1024 rei
663 974 736 1022 ratio
769 971 918 1038 explicabi-

112 1046 157 1088 tur
167 1038 216 1088 sic.
252 1038 342 1088 Frons
358 1039 427 1101 loci,
445 1054 516 1105 quae
532 1040 562 1089 iu
577 1041 646 1090 aede
660 1040 814 1091 constituta
824 1038 917 1100 fuerit,

113 1107 136 1156 si
148 1106 312 1172 tetrastylos
323 1105 453 1156 facienda
462 1105 561 1168 fuerit,
577 1107 717 1156 dividatur
726 1108 755 1156 in
765 1112 860 1172 partes
872 1122 918 1155 nn·

112 1173 203 1222 decim
218 1173 302 1223 semis
313 1180 425 1239 praeter
436 1173 593 1238 crepidines
604 1178 632 1223 et
642 1173 817 1238 proiecturas
832 1172 908 1238 spira

110 1255 183 1290 rum:
208 1241 233 1290 si
251 1255 302 1290 sex
320 1241 375 1290 erit
394 1240 597 1301 columnarum,
617 1241 646 1289 in
662 1245 756 1304 partes
777 1239 872 1290 decem
890 1254 919 1290 ct

112 1314 190 1358 octo:
210 1308 234 1357 si
245 1307 402 1373 octastylos
414 1307 613 1366 constituetur,
625 1305 765 1357 dividatur
774 1307 803 1357 in
813 1305 917 1362 XXllll

111 1382 140 1424 et
155 1375 308 1424 semissem.
344 1374 413 1425 ltem
427 1389 462 1425 ex
474 1372 518 1425 his
539 1374 679 1440 partibus,
701 1374 760 1425 sive
774 1374 918 1435 tetrastyli

110 1443 169 1491 sive
180 1439 322 1507 hexastyli
332 1443 391 1511 sive
403 1441 543 1507 octastyli,
550 1457 605 1491 una
613 1456 677 1507 pars
688 1448 821 1503 sumatur,
830 1457 917 1506 eaque

111 1509 165 1558 erit
172 1508 315 1558 modulus:
340 1509 418 1558 cuius
428 1509 534 1559 moduli
544 1510 625 1559 unius
635 1510 689 1559 erit
699 1509 855 1560 crassitudo
872 1524 905 1558 co

111 1576 273 1626 lumnarum.
308 1574 525 1626 intercolumnia
540 1576 651 1642 singula
665 1583 777 1642 praeter
790 1576 918 1626 mediana

111 1643 286 1692 modulorum
297 1642 415 1692 duorum
423 1649 451 1693 et
461 1643 566 1693 moduli
578 1650 692 1710 quartae
702 1644 804 1708 partis;
814 1658 857 1693 me
862 1643 914 1693 dia·

111 1711 184 1768 nain
198 1708 292 1760 fronte
309 1716 338 1760 et
351 1713 461 1775 postico
479 1711 590 1777 singula
602 1717 711 1761 ternum
731 1710 915 1761 modulorum.

111 1777 235 1840 ipsarum
251 1778 440 1827 columnarum
455 1777 574 1828 altitudo
590 1778 644 1827 erit
658 1776 835 1826 modulorum
851 1789 915 1826 octo

111 1849 139 1893 ot
149 1844 281 1893 dimidiae
292 1844 399 1894 moduli
409 1846 504 1910 partis.
541 1844 584 1894 lta
595 1859 630 1895 ex
640 1859 674 1894 ea
684 1843 822 1893 divisione
833 1843 918 1892 inter.

110 1910 251 1960 columnia
266 1911 483 1978 altitudinesque
505 1912 694 1961 columnarum
712 1908 853 1960 habebunt
876 1910 916 1958 in-

110 1986 181 2026 stom
198 1978 343 2028 rationem.
382 1978 405 2026 8.
426 1978 518 2029 Huius
531 1978 673 2042 exemplar
687 1977 791 2026 Romae
812 1976 916 2025 nullum

109 2042 257 2104 habemus,
274 2045 324 2095 sed
338 2046 367 2094 in
378 2045 444 2094 Asia
453 2047 513 2095 Teo
529 2043 698 2110 hexastylon
708 2042 805 2092 Liberi
814 2042 915 2093 Patris.

110 2111 164 2161 llas
181 2117 273 2161 autem
288 2112 465 2177 symmetrias
481 2112 628 2162 constituit
640 2110 848 2177 Hermogenes,
870 2111 916 2176 qui

110 2179 194 2228 etiam
208 2179 312 2242 primns
329 2177 506 2243 hexastylum
517 2177 768 2243 pseudodipterive
778 2179 915 2228 rationem
945 2195 948 2200 ·

109 2245 222 2295 invenit,
258 2245 301 2295 Ex
313 2245 425 2309 Dipteri
441 2246 514 2294 enim
535 2245 613 2295 aedis
621 2245 788 2310 symmetria
803 2244 916 2294 sustulit

110 2312 260 2362 interiores
271 2308 384 2362 ordines
400 2311 589 2362 columnarum
600 2311 758 2373 XXXVlll,
775 2326 863 2377 eaque
875 2326 914 2360 ra·

109 2379 187 2428 tione
198 2384 323 2443 sumptus
335 2393 491 2444 operasque
504 2379 662 2444 compendii
672 2378 750 2430 fecit.
785 2379 811 2428 ls
821 2379 850 2426 in
861 2392 915 2426 me-

110 2445 157 2495 dio
179 2444 362 2495 ambulationi
380 2445 567 2495 laxamentum
588 2446 702 2513 egregie
721 2446 796 2496 circa
815 2444 914 2494 cellam

109 2511 191 2573 fecit,
203 2512 237 2561 de
248 2518 418 2578 aspectuque
428 2511 498 2562 nihil
508 2512 659 2574 imminuit,
676 2511 726 2562 sed
736 2512 796 2562 sine
807 2509 914 2559 deside-

108 2581 151 2629 rio
166 2593 402 2644 supervacuorum
422 2579 599 2629 conservavit
618 2579 813 2628 auctoritatem
828 2577 914 2626 totius

108 2647 202 2711 operis
214 2645 420 2697 distributione.
438 2645 463 2697 t.
475 2646 652 2699 Pteromatos
664 2646 736 2695 enirn
747 2645 819 2694 ratio
832 2650 861 2694 et
870 2659 915 2695 co·

107 2710 261 2764 lumnarum
274 2712 378 2763 circum
391 2713 489 2764 aedem
501 2713 649 2781 dispositio
661 2712 725 2762 ideo
737 2716 781 2761 est
793 2711 914 2773 inventa,
