2054 3090
115 125 160 174 rso
281 122 362 194 ‚nn
388 121 711 174 nacnvrncroaa

110 240 169 276 rum
187 214 311 276 tectores
329 240 386 276 non
404 225 495 276 solum
513 222 556 274 his
574 223 730 275 rationibus
749 223 855 274 utendo
871 221 911 275 ia·

110 294 187 343 ciunt
197 307 283 360 opera
292 292 379 354 firma,
390 291 440 342 sed
452 291 536 343 etiam
545 291 680 342 mortario
691 291 842 353 collocato,
853 291 911 357 oal-

109 375 141 410 ce
156 365 184 410 et
197 375 282 410 arena
294 358 333 409 ibi
348 358 478 421 confusa,
498 358 614 409 decuria
627 356 766 420 bominum
785 357 912 419 inducta,

109 428 209 543 ligpeis
218 427 345 477 vectibus
353 425 465 492 pinsant
472 426 626 487 materiam,
637 425 715 475 etita
723 425 758 475 ad
768 430 911 477 certamen

109 511 141 543 su

161 501 225 544 acta
241 500 308 545 tuno
325 497 447 543 utuntur.
481 492 578 560 ltaque
597 491 738 543 veteribus
756 491 912 558 parietibus

109 561 235 612 nonnulli
245 566 353 611 crustas
363 559 525 611 excidentes
535 575 585 626 pro
597 558 691 611 abacis
699 564 827 623 utuntur3
837 559 911 624 ipsa·
948 585 951 591 ·

110 642 162 693 que
178 628 298 677 tectoria
312 626 462 677 abacorum
481 632 511 677 et
527 628 705 692 speculorum
723 625 910 677 divisionibus

110 695 224 744 cirease
239 695 429 760 prominentes
444 692 546 744 babent
559 693 763 761 expressiones.
800 693 841 744 ll.
860 691 911 744 Sin

110 767 201 810 autem
219 761 249 811 in
269 761 387 812 cratitiis
407 761 527 811 tectoria
544 766 627 811 erunt
644 759 786 822 iacienda,
806 759 910 828 quibus

110 842 225 878 necesse
236 833 279 878 est
288 829 317 879 in
331 828 490 878 arrectariis
505 833 534 878 et
545 827 757 878 transversariis
766 827 852 877 rimas
863 826 911 876 iie-

109 895 133 944 ri
143 895 223 957 ideo,
238 896 313 962 quod
324 896 382 946 luto
394 911 455 946 cum
465 895 590 962 linuntur
598 894 760 945 necessario
769 893 911 960 recipiunt

110 961 266 1026 humorem3
287 979 349 1014 oum
363 968 455 1012 autem
470 966 601 1013 arescunt
613 961 768 1023 extenuati,
783 961 812 1011 in
821 966 911 1012 tecto·
934 1000 938 1008 .

110 1030 159 1079 riis
179 1029 286 1081 iaciunt
302 1031 400 1093 rimas3
420 1029 449 1079 id
469 1034 572 1079 utnon
591 1028 651 1091 liat,
673 1027 742 1079 baec
761 1028 816 1079 erit
826 1028 909 1078 ratio.

111 1096 178 1146 Cum
190 1098 284 1162 paries
298 1098 357 1148 luto
371 1097 531 1163 inquinatus
544 1094 642 1158 fuerit,
656 1102 723 1147 tunc
735 1095 764 1145 in
778 1109 812 1145 eo
824 1108 911 1161 opere

111 1178 215 1215 cannae
230 1165 316 1215 clavis
330 1163 476 1215 muscariis
489 1168 640 1230 perpetuae
655 1163 787 1230 ligantur:
808 1160 911 1212 deinde

112 1232 209 1281 iterum
223 1232 282 1282 luto
294 1232 408 1282 inducto
422 1231 447 1281 si
460 1231 569 1296 priores
582 1230 791 1281 transversariis
806 1229 911 1279 ordini-

111 1298 161 1346 bus
185 1298 257 1348 lixae
279 1304 355 1359 sunt,
379 1297 518 1348 secundae
538 1299 640 1348 erectis
659 1297 791 1364 ligantur,
816 1294 911 1357 etita,

110 1366 151 1414 uti
161 1379 245 1429 supra
255 1366 390 1431 scriptum
400 1371 455 1426 est,
466 1370 608 1415 arenatum
618 1369 648 1415 et
656 1378 778 1415 marmor
788 1369 817 1414 et
827 1377 910 1414 omne

111 1432 261 1481 tectorium
280 1431 436 1482 inducatur.
471 1431 513 1481 lta
527 1446 677 1482 cannarum
696 1430 800 1497 duplex
815 1431 846 1490 in
864 1445 912 1496 pa·

112 1496 229 1548 rietibus
248 1499 392 1550 ordinibus
408 1498 576 1564 transversis
596 1498 652 1549 lixa
669 1497 842 1564 perpetuitas
861 1512 913 1547 nec

112 1565 237 1631 segmina
246 1566 404 1617 necrimam
413 1565 499 1615 ullam
508 1564 569 1615 lieri
579 1567 710 1632 patietur.

402 1665 539 1717 CAPUT
564 1665 615 1718 lV.

112 1748 156 1800 De
180 1749 397 1816 politionibus
424 1749 458 1802 in
485 1748 625 1801 humidis
653 1747 746 1812 locis,
791 1754 820 1799 et
837 1749 912 1814 pavi-

236 1824 330 1870 mento
341 1817 584 1869 hibernaculorum
594 1816 769 1884 graecanico.

112 1919 113 1922 ¹
163 1902 269 1964 Quibus
288 1901 442 1954 rationibus
461 1901 544 1952 siccis
559 1900 630 1952 locis
645 1900 764 1951 tectoria
784 1903 914 1979 oporteat

113 1971 187 2031 fieri,
202 1970 274 2033 dixi3
292 1985 364 2020 nunc
379 1969 608 2037 quemadmodum
624 1965 745 2017 humidis
756 1967 827 2017 lours
841 1967 911 2045 poli-

111 2039 203 2087 tiones
214 2038 410 2116 expediantur,
424 2041 456 2086 ut
465 2048 627 2114 permanere
637 2033 747 2100 possint
755 2034 816 2084 sine
825 2032 912 2093 vitiis,

113 2099 912 2235 iliilifb<iiiiiiiiiiliilbii’clliiliililiii.

114 2237 164 2286 bus
174 2250 224 2302 pro
235 2244 349 2286 menate
359 2243 433 2288 testa
441 2237 612 2288 trullissetur
621 2240 650 2285 et
658 2234 803 2300 dirigatur,
813 2234 853 2285 uti
864 2247 914 2284 eae

113 2311 206 2370 partes
219 2305 401 2355 tectoriorum
415 2304 449 2354 ab
458 2301 574 2364 humore
584 2317 619 2352 ne
628 2301 770 2353 vitientur.
805 2300 855 2353 Sin
864 2314 912 2351 au-

113 2380 169 2421 tem
179 2370 279 2437 aliquis
289 2371 381 2439 paries
392 2378 541 2439 perpetuos
551 2368 679 2420 habuerit
688 2366 833 2429 humores,
846 2382 912 2434 pau·

113 2438 169 2489 lum
179 2437 214 2488 ab
228 2453 262 2488 eo
272 2439 433 2500 recedatur,
449 2444 478 2489 et
486 2441 609 2489 struatur
618 2435 790 2487 altertenuis
804 2434 913 2486 distans

113 2505 147 2555 ab
162 2519 196 2555 eo
212 2512 342 2572 quantum
355 2520 401 2557 res
415 2506 548 2573 patietur,
567 2509 597 2554 et
608 2503 682 2553 inter
700 2502 770 2553 duos
788 2501 912 2571 parietes

115 2573 220 2623 canalis
235 2572 351 2623 ducatur
363 2572 481 2623 inferior
494 2586 576 2638 qnam
588 2569 782 2620 libramentum
800 2567 914 2621 concla—
948 2619 957 2633 ,

115 2640 157 2690 vis
172 2639 270 2703 fuerit,
290 2639 394 2690 habens
408 2654 489 2690 nares
503 2638 539 2690 ad
551 2638 643 2688 locum
659 2642 808 2703 patentem.
843 2635 915 2687 item
