2054 3090
113 215 160 266 184
302 213 357 266 DE
383 211 714 266 ARCHITECTURA

110 318 143 368 ad
159 316 277 368 eundem
292 316 404 368 modum
420 316 566 368 adversum
580 315 681 367 clivum
694 315 865 375 norissimus
878 312 908 367 li·

108 385 182 437 breti
196 385 302 437 ventris
316 386 346 436 io
362 398 432 436 caro
447 383 509 436 sari
522 383 600 435 rubri
613 381 741 447 haereat,
760 389 790 435 et
804 383 908 453 prlmus

109 453 297 522 expressionis
317 452 352 503 ad
371 451 489 503 eundem
503 451 615 503 modum
628 457 851 519 coagmentetur.
883 448 910 508 9.

108 523 150 572 lta
161 521 263 572 librata
275 519 392 589 planitia
400 519 560 571 tubulorum
570 535 603 571 ae
613 519 747 572 decursus
758 525 787 571 et
798 530 909 587 expres·

109 589 196 641 sionis
211 604 268 640 non
281 588 444 640 extolletur:
464 603 581 656 namque
595 585 745 639 vehemens
755 586 910 656 spirituale

109 671 197 724 aquae
216 655 347 707 ductione
367 655 442 707 solet
456 655 545 719 nasei,
565 656 606 707 ita
620 661 651 706 ut
668 656 754 707 etiam
767 670 839 708 saxa
850 668 910 722 per-

110 729 231 790 rumpat,
246 723 302 775 nisi
314 723 431 791 primum
446 723 547 776 leniter
561 729 590 774 et
602 736 687 790 parce
702 737 719 774 a
732 721 826 843 ffim
841 736 911 791 aque

110 792 288 854 immittatur,
304 799 333 843 et
345 792 374 842 in
390 791 528 860 geniculis
543 797 591 845 aut
603 790 726 843 versuris
782 789 911 859 'gationi-

109 859 161 910 bus
190 865 239 910 aut
264 858 390 940 pondere
418 858 550 911 saburrae
582 858 772 915 contineatur:
802 856 911 979 rellqsra

111 926 205 977 omnia
231 933 271 978 ut:
296 925 397 978 fistulis
420 924 556 994 plumbeis
579 927 620 978 ita
646 932 711 979 sunt
736 924 867 979 collocas
887 940 910 977 a

110 995 179 1046 Item
194 994 354 1062 cumprime
365 1009 463 1062 aquae
473 995 564 1062 capite
573 994 743 1058 immittitur,
757 999 824 1047 ants
834 991 912 1047 fard-

110 1063 139 1114 la
151 1063 329 1125 immittetur,
346 1062 388 1114 uti
405 1063 609 1130 coagmentari
645 1077 682 1114 na
694 1066 760 1117 sunt
772 1075 831 1117 uon
844 1061 911 1114 satis

113 1130 214 1194 oblita,
227 1129 324 1181 favilla
338 1130 503 1183 oblinantur.
541 1132 580 1182 lll.
599 1129 646 1182 lla
665 1134 713 1183 eat
725 1134 820 1190 autem
832 1128 912 1183 tubu-

111 1198 202 1249 lorum
222 1197 368 1251 ductiones
388 1213 423 1249 ea
440 1197 596 1250 commoda:
622 1197 740 1267 primum
763 1197 794 1248 in
818 1211 912 1266 opere,

112 1266 187 1333 quod
197 1266 221 1317 si
232 1265 306 1334 quod
315 1266 413 1317 vitium
422 1264 525 1317 factum
533 1265 632 1329 fuerit,
647 1265 765 1334 quilibet
778 1264 809 1317 id
818 1270 913 1333 potest

112 1333 241 1385 reficere:
266 1334 349 1385 etiam
370 1348 404 1386 ue
424 1334 511 1385 multo
532 1332 671 1386 salubrior
691 1339 790 1385 estex
806 1332 912 1385 tubulis

112 1417 183 1468 aqua
198 1416 279 1519 guam
293 1415 343 1468 per
352 1349 477 1466 tbetulam
496 1402 571 1469 quod
585 1416 635 1468 per
646 1400 789 1468 plumbum
803 1401 914 1452 ridetur

113 1469 196 1520 essei
217 1482 250 1518 eo
262 1468 374 1530 vitiosa,
385 1469 460 1536 quod
471 1484 506 1521 ex
516 1484 549 1520 eo
561 1483 677 1521 cerussa
683 1468 820 1521 nascitur:
845 1467 913 1520 haee

114 1542 205 1586 autem
232 1534 335 1586 dicitur
361 1551 424 1587 esse
452 1551 556 1588 nocens
583 1536 748 1605 corporibus
774 1533 912 1589 humanis.

113 1604 154 1655 lta
168 1603 205 1666 si,
221 1601 296 1669 quod
309 1617 345 1654 ex
358 1619 393 1654 eo
406 1611 583 1670 procreatur,
597 1604 627 1656 id
641 1609 685 1657 est
697 1603 844 1668 vitiosum,
859 1618 914 1655 non

112 1679 155 1723 ost
166 1670 291 1734 dubium,
303 1671 368 1739 quin
378 1672 469 1791 ip'sum
480 1687 589 1790 guoque
600 1687 656 1725 non
666 1672 704 1724 sit
714 1671 836 1725 salubre.
873 1672 912 1722 ll.

113 1739 260 1806 Exemplar
274 1745 365 1791 autem
381 1755 398 1790 a
426 1741 479 1791 arti
502 1740 580 1792 cibus
590 1739 752 1808 plumbariis
765 1754 913 1807 possumus

113 1809 250 1874 accipere,
261 1807 336 1875 quod
345 1807 499 1875 palloribus
510 1814 662 1876 occupatos
673 1806 776 1860 habent
786 1807 912 1875 corporis

113 1877 236 1940 colores3
253 1891 371 1995 nampue
382 1891 443 1927 cum
452 1874 594 1928 fundendo
604 1874 746 1943 plumbum
758 1872 856 1939 datur,
868 1889 913 1927 ra·

113 1960 164 2010 por
174 1960 209 1995 ex
220 1959 253 1994 eo
263 1945 318 1995 insi
339 1959 387 1995 ens
399 1943 525 2010 corporis
536 1951 625 2006 artus,
634 1944 701 1995 etin
712 1943 772 1995 dies
783 1957 912 2005 exurens,

114 2013 197 2078 eripit
207 2026 242 2063 ex
250 2011 380 2063 membris
392 2027 488 2062 eorum
502 2011 645 2080 sanguinis
659 2012 785 2063 virtutes.
817 2011 913 2128 Ιῒαῆιιο

114 2081 225 2129 minime
241 2079 342 2131 tistulis
355 2079 492 2146 plumbeis
508 2095 579 2147 aqua
590 2078 653 2131 duci
664 2078 787 2142 videtur,
801 2079 871 2131 siro
884 2094 912 2129 n·

115 2163 174 2197 mus
189 2161 248 2197 eam
268 2145 371 2198 habere
391 2146 544 2198 salubrem:
563 2161 747 2215 saporemque
767 2146 913 2199 meliorem

115 2230 149 2264 ex
163 2214 266 2264 tubulis
282 2229 357 2276 esse,
372 2213 551 2281 quotidianus
564 2220 658 2282 potest
671 2214 796 2265 indicare
813 2215 912 2275 rictus,

114 2283 188 2348 quod
203 2296 297 2333 omnes
312 2288 452 2333 extructas
467 2297 528 2333 oum
541 2280 662 2334 habeant
671 2297 801 2334 rasorum
816 2295 914 2350 urgen-

115 2361 223 2400 teorum
236 2364 359 2413 mensas,
374 2356 466 2401 tamen
477 2357 592 2419 propter
601 2350 710 2417 saporis
721 2350 914 2418 integritatem

116 2417 247 2468 fictilibus
267 2423 390 2468 utuntur.
427 2418 466 2468 12.
488 2416 536 2470 Sin
552 2424 644 2471 autem
658 2416 751 2469 fontes
770 2432 826 2468 uon
841 2422 914 2478 suut,

117 2486 188 2537 unde
203 2486 348 2537 ductiones
362 2500 495 2552 aquarum
508 2483 657 2548 faciamus,
678 2500 794 2537 necesse
809 2491 855 2537 est
866 2499 914 2551 pu·

115 2559 178 2605 teos
198 2552 305 2604 fodere.
340 2552 371 2603 ln
388 2559 535 2620 puteorum
555 2560 646 2605 autem
666 2551 839 2605 fossionibus
859 2566 916 2603 non

115 2628 159 2671 est
172 2619 374 2673 contemnenda
387 2621 475 2684 ratio,
490 2621 540 2671 sed
556 2620 728 2674 acuminibus
741 2619 914 2687 solertiaque

110 2703 216 2756 „magna
238 2687 379 2743 naturales
406 2703 499 2739 rerum
526 2689 651 2741 rationes
681 2687 915 2751 considerandam

116 2756 192 2823 qnod
205 2753 527 2823 lrabetmultavariaque
542 2762 617 2808 terra
627 2763 656 2808 in
669 2771 700 2808 se
716 2770 828 2825 genera.
864 2752 916 2813 list
