2054 3090
178 190 209 240 18
380 188 433 239 DE
460 189 776 240 ARCHITECTURA

176 290 309 344 vocitent.
340 292 382 344 Ex
392 306 426 343 eo
436 289 504 341 licet
514 292 595 354 seire,
607 290 669 340 cibo
681 298 764 357 atque
776 307 847 358 aqua
856 292 980 358 proprie·

176 364 249 409 tates
272 359 399 410 locorum
420 359 584 408 naturaliter
602 359 767 424 pestilentes
787 366 835 409 unt
853 358 981 410 salubres

177 441 248 477 esse.
269 429 309 476 ll.
321 425 606 491 ltemsiinpaludibus
617 426 980 487 moeniaconstitutaerunt‚

177 508 247 559 quae
257 495 373 559 paludes
384 493 535 544 secundum
546 508 621 543 mare
631 492 749 555 fuerint,
760 493 980 559 spectabuntque

177 561 212 610 ad
226 563 457 627 septentrionem,
470 566 518 610 aut
531 560 604 611 inter
618 561 836 626 septentrionem
850 567 879 611 et
889 561 979 611 orien-

177 635 246 690 tem,
258 643 363 695 eaeque
374 627 490 694 paludes
501 628 672 678 excelsiores
683 627 798 689 fuerint,
812 643 892 694 quam
901 628 980 678 littus

176 696 320 758 marinum,
331 697 440 746 ratione
451 694 617 745 videbuntur
627 709 689 745 esse
700 696 860 746 constituta.
881 695 980 745 Fossis

177 763 249 812 enim
260 763 350 813 ductis
362 776 450 829 aquae
462 762 552 812 exitus
564 762 598 811 ad
608 761 696 823 littus,
708 768 744 824 et,
755 763 822 811 mari
832 768 981 828 tempesta-

177 830 251 880 tibus
263 837 358 892 aucto,
373 831 402 880 in
412 828 529 895 paludes
540 829 724 878 redundantia
733 828 904 879 motionibus
915 844 980 879 eon-

178 897 291 960 citatur‚
311 897 468 962 aurarisque
485 895 667 946 mixtionibus
685 910 739 945 non
756 897 861 961 patitur
876 896 980 947 bestia-

176 979 235 1014 rum
255 965 417 1030 palustrium
436 977 540 1030 genera
553 962 592 1012 ibi
602 963 691 1025 nasci3
711 978 836 1030 quaeque
851 963 884 1014 de
900 978 979 1029 supe·

176 1032 298 1082 rioribus
312 1032 383 1082 locis
393 1031 514 1081 natando
526 1030 652 1095 proxime
663 1030 741 1079 littus
754 1031 927 1095 perveniunt,
939 1031 979 1080 in-

176 1105 312 1149 consueta
319 1098 486 1149 salsitudine
497 1104 639 1147 necantur.
671 1096 820 1163 Exemplar
830 1104 920 1148 autem
931 1096 980 1148 hu-

176 1167 220 1216 ius
238 1167 278 1216 rei
295 1165 420 1216 Gallicae
434 1164 550 1232 paludes
564 1171 682 1230 possunt
696 1179 771 1227 esse,
790 1179 860 1230 quae
876 1165 979 1215 circum

176 1231 309 1296 Altinum,
320 1234 487 1293 Ravennam,
498 1231 653 1298 Aquileiam
664 1231 773 1298 aliaque
785 1246 855 1296 quae
867 1231 896 1281 in
908 1233 980 1282 eius-

176 1301 250 1351 modi
266 1301 337 1350 locis
352 1300 503 1364 municipia
513 1305 577 1349 sunt
586 1300 713 1364 proxima
725 1299 885 1365 paludibus;
904 1300 979 1365 quod

177 1365 220 1416 bis
229 1367 393 1434 regionibus
404 1365 507 1417 habent
515 1365 707 1416 incredibilem
718 1366 918 1416 salubritatem.
939 1369 979 1416 12.

179 1434 285 1495 Quibus
296 1443 387 1484 autern
397 1433 551 1483 insidentes
563 1439 626 1482 eunt
635 1433 761 1498 paludes,
773 1439 802 1484 et
811 1448 866 1483 non
877 1432 979 1484 habent

177 1497 980 1567 exitusproiluentesnequeperfluminanequeperfossas,

177 1569 215 1619 uti
228 1568 386 1630 Pomtinae‚
401 1567 500 1618 stando
511 1573 685 1632 putrescunt,
701 1574 729 1618 et
739 1566 869 1618 humores
880 1583 981 1635 graves

177 1641 205 1685 et
217 1635 383 1701 pestilentes
396 1635 425 1684 in
439 1633 482 1684 bis
496 1635 568 1685 loeis
583 1635 730 1689 emittunt„
756 1635 824 1686 ltem
838 1636 865 1685 in
880 1636 980 1701 Apulia

177 1702 307 1768 oppidum
322 1701 416 1769 Salpia
428 1709 521 1764 vetus,
536 1702 611 1768 quod
624 1701 777 1753 Diomedes
792 1703 825 1752 ab
840 1703 980 1754 Troiane-

176 1770 255 1820 diens
270 1770 429 1831 constituit,
445 1769 517 1831 sive,
532 1768 761 1835 quemadmodum
775 1769 899 1821 nonnulli
912 1771 980 1821 scri-

176 1843 302 1902 pserunt,
322 1835 436 1903 Elpbias
450 1835 588 1898 Rhodius,
606 1837 634 1886 in
650 1837 786 1888 eiusmodi
801 1838 872 1888 locis
886 1836 979 1890 fuerat

176 1904 356 1967 collocatum3
368 1920 403 1955 ex
414 1919 468 1970 quo
476 1903 586 1954 incolae
598 1905 745 1969 quotannis
756 1905 929 1972 aegrotando
940 1905 978 1955 la-

175 1971 307 2022 borantes
320 1971 470 2038 aliquando
480 1977 666 2036 pervenerunt
677 1971 712 2021 ad
721 1972 759 2022 M.
770 1972 933 2034 Hostilium,
943 1973 977 2022 ab

175 2054 264 2105 eoque
274 2039 385 2105 publice
395 2044 523 2106 petentes
533 2037 763 2103 impetraverunt,
777 2040 817 2090 uti
829 2036 871 2088 bis
881 2039 979 2090 idone-

176 2122 220 2156 um
229 2106 321 2156 locum
332 2107 366 2156 ad
376 2107 488 2157 moenia
497 2105 692 2158 transferenda
701 2106 881 2173 conquireret
892 2105 979 2173 elige-

176 2179 281 2238 retque.
310 2175 388 2224 Tune
396 2175 421 2224 is
431 2179 556 2224 moratus
566 2188 621 2223 non
632 2178 684 2235 est,
698 2173 748 2224 sed
759 2174 852 2224 statim
862 2173 979 2224 rationi-

175 2240 226 2290 bus
245 2239 406 2291 doctissime
425 2240 559 2307 quaesitis
578 2240 729 2290 secundum
744 2255 820 2291 mare
837 2246 979 2292 mercatus

175 2313 219 2357 est
229 2307 436 2371 prmsessionem
446 2308 510 2358 loco
522 2306 636 2368 salubri,
648 2307 682 2358 ab
693 2315 846 2374 senatuque
860 2307 978 2373 populo-

176 2389 228 2440 que
237 2388 351 2423 romano
361 2375 449 2439 petiit,
460 2381 491 2425 ut
498 2375 598 2425 liceret
606 2373 759 2425 transferre
771 2376 980 2442 oppidum,con·

175 2441 320 2506 stituitque
331 2443 442 2491 moenia
450 2447 479 2492 et
489 2455 568 2492 areas
580 2441 684 2502 divisit,
694 2456 833 2509 numoque
844 2443 978 2492 sestertio

175 2508 293 2575 singulis
307 2508 491 2574 municipibus
505 2508 643 2573 mancipio
658 2507 743 2560 dedit.
779 2510 832 2560 His
841 2508 980 2560 confectis

177 2576 265 2634 laeum
272 2576 413 2641 aperuitin
420 2591 505 2638 mare,
512 2581 653 2641 etportum
663 2590 677 2626 e
688 2575 908 2642 laeumunicipio
916 2591 980 2642 per·

175 2642 254 2694 iecit:
273 2644 367 2709 itaque
379 2659 450 2693 nune
461 2642 567 2708 Salpini
579 2649 698 2708 quatuor
707 2643 796 2693 millia
805 2658 904 2709 passus
915 2657 980 2710 pro·

174 2711 266 2779 gressi
276 2710 309 2760 ab
321 2710 423 2778 oppido
433 2717 529 2763 vetere
539 2707 667 2761 habitant
675 2711 704 2760 in
714 2711 820 2762 salubri
828 2711 901 2762 loco.
