2054 3090
72 257 100 288 ν
196 317 198 321 ,
274 245 459 303 areuna
487 247 675 305 cnam
820 247 871 302 ooo

358 385 491 440 conon
505 384 589 440 xva

378 451 560 512 ‹vasam›

252 524 301 580 De
317 525 564 597 repugnatoriis
582 526 682 581 rebus.

115 623 159 676 De
167 623 363 693 scorpionibus
377 630 407 676 et
415 624 563 692 catapultis
573 631 602 676 et
609 623 720 676 balistis
730 623 868 691 etiamque

64 692 252 746 testudinibus
265 698 295 745 et
306 691 430 745 turribus
445 707 516 761 quae
528 693 647 746 mafime
661 689 729 743 mihi
738 691 868 742 videban-

64 765 112 811 tur
124 757 229 812 idonea
241 765 271 812 et
285 775 302 812 a
316 758 415 827 quibus
429 760 683 813 essentinventaet
692 758 868 826 quemadmo-

65 825 129 878 dum
147 825 209 879 ileri
229 827 375 891 deberent,
399 827 528 896 explicui.
565 826 707 881 Scalnrum
724 833 816 879 nutem
840 833 869 877 et

65 891 272 947 carchesiorum
285 901 434 958 eteorum,
449 909 566 962 quorum
574 895 699 947 rationes
710 901 775 946 sunt
782 892 868 945 imbe-
918 891 922 909 ⁴
1020 948 1025 955 ,

64 961 201 1027 cilliores,
211 977 268 1015 non
277 977 393 1015 neccsse
404 960 488 1015 habui
497 962 634 1028 scribere3
644 960 714 1014 haec
724 962 808 1014 etiarn
817 962 866 1012 mi-

62 1029 129 1080 lites
144 1043 195 1098 per
207 1045 238 1083 se
252 1031 345 1083 solent
357 1030 464 1094 iacere3
475 1044 564 1098 neque
575 1045 609 1082 ea
617 1030 680 1098 ipsa
690 1029 816 1083 omnibus
825 1029 866 1081 lo·

63 1097 104 1149 cis
113 1110 203 1165 neque
211 1098 316 1151 eisdem
323 1097 477 1149 rationibus
488 1103 606 1166 possunt
614 1097 697 1150 utilia
705 1111 780 1162 esse;
791 1097 866 1164 quod

63 1161 227 1218 differentes
241 1171 306 1218 sunt
317 1165 487 1217 munitiones
499 1164 699 1218 munitionibus
712 1165 866 1220 nationum·

63 1233 118 1301 qne
134 1229 324 1286 fortitudines.
358 1230 428 1285 Nam
448 1247 483 1284 ue
501 1232 557 1284 alia
572 1233 682 1286 rstiom
696 1233 732 1286 ad
744 1232 865 1285 audaces

64 1304 94 1351 st
108 1301 288 1366 temerarios,
305 1301 362 1353 alia
376 1300 411 1352 ad
427 1248 591 1368 hingestan,
606 1300 690 1353 aliter
699 1299 739 1352 ad
752 1299 865 1353 timidos

61 1364 282 1421 machinationes
292 1368 567 1487 debentcomparnri
590 1370 615 1420 ².
628 1368 726 1437 ltaque
736 1365 867 1436 bisprac-

62 1433 262 1503 scriptionibus
275 1437 301 1488 si
314 1437 376 1505 quis
388 1441 464 1488 atten
484 1450 531 1488 ere
541 1434 672 1500 voluerit,
688 1450 724 1489 ex
732 1437 867 1489 varietate

63 1503 207 1554 sorumeli
228 1503 300 1556 endo
310 1505 376 1556 etin
385 1518 467 1555 unum
477 1504 713 1573 comparationem
722 1504 867 1557 conferen-

62 1569 205 1622 dononio
227 1570 315 1641 'gebit
324 1571 435 1624 auxiliis
441 1609 450 1636 ‚
463 1570 515 1624 sed
524 1586 702 1640 quascunque
710 1586 756 1624 res
767 1578 815 1625 aut
824 1586 867 1624 ra-

61 1635 187 1689 tionibus
201 1645 250 1691 aut
258 1639 330 1691 locis
341 1655 410 1708 opus
419 1638 519 1703 fuerit,
534 1641 594 1692 sine
606 1639 779 1692 dubitatione
788 1646 867 1708 pote·

61 1704 101 1756 rit
109 1705 259 1772 explicere.
293 1706 338 1760 De
347 1706 553 1788 repugnatoriis
562 1722 629 1758 vero
639 1722 695 1759 non
703 1712 747 1759 est
755 1707 867 1774 scriptis

63 1774 266 1847 explicandum
277 1789 334 1827 non
342 1789 415 1826 emm
424 1775 460 1826 ad
469 1778 566 1826 nostra
575 1774 679 1841 scripta
687 1772 783 1826 hostes
792 1789 867 1826 com-

61 1850 162 1915 parant
173 1857 222 1894 res
233 1842 467 1960 oppugnatorum
482 1842 533 1893 sed
541 1838 761 1894 machinationes
771 1856 867 1894 eornm

62 1918 229 1980 extempore
241 1925 273 1962 so
287 1910 342 1962 erti
351 1909 531 1961 consiliorum
541 1909 685 1961 celeritate
696 1909 756 1962 sine
765 1909 867 1961 machi-

61 1979 107 2032 nis
125 1977 236 2047 saeplus
258 1982 427 2029 evertuntur.
463 1976 544 2038 Quod
562 1976 646 2028 etiam
660 1974 866 2030 Rhodiensibus

63 2051 233 2100 memoratur
248 2061 301 2097 usu
317 2045 437 2097 venisse.
472 2043 496 2096 8.
515 2043 673 2125 Diognetus
689 2045 761 2096 enim
775 2045 867 2096 iuerat

62 2110 187 2167 Rhodius
197 2110 379 2177 architectum
390 2118 419 2164 et
429 2112 456 2164 ei
465 2111 500 2163 de
509 2111 621 2179 pubhco
629 2113 778 2179 quotannis
789 2120 865 2164 certa

61 2178 863 2316 aaa⁹330anatthemateaaut

62 2315 167 2368 Callias
199 2314 301 2368 hedum
313 2331 374 2368 cum
383 2315 518 2378 venisset,
540 2314 668 2366 acroasin
676 2313 754 2378 fecit,
775 2330 864 2367 exem-

59 2383 298 2453 plarqueprotulit
305 2383 386 2446 muri,
391 2388 507 2451 etsupra
515 2383 545 2434 id
556 2379 710 2433 machinam
715 2382 743 2431 in
755 2382 865 2433 carche-

60 2451 104 2504 sio
112 2450 238 2503 versatili
257 2451 412 2515 constituit,
431 2466 485 2519 qua
494 2448 644 2518 helepolim
654 2448 690 2500 ad
699 2450 810 2500 moenia
820 2465 863 2501 ac-

62 2518 208 2571 cedentem
221 2519 356 2586 corripuit
369 2523 398 2570 et
409 2518 552 2570 transtulit
563 2517 637 2568 intra
649 2530 766 2568 murum.
799 2517 864 2568 Hoc

60 2586 203 2656 exemplar
214 2584 316 2638 Rhodii
330 2600 392 2638 cum
402 2585 550 2648 vidissent,
565 2584 693 2636 admirati
703 2582 864 2636 ademerunt

57 2653 202 2724 Diogneto
221 2654 296 2722 quod
314 2653 407 2706 luerat
417 2653 445 2705 ei
458 2652 607 2724 quotannis
621 2651 816 2714 constitutum,
836 2659 863 2702 et

60 2736 123 2774 eum
137 2718 273 2775 honorem
287 2722 321 2775 ad
337 2721 453 2774 Galliam
466 2720 674 2773 transtulerunt.
710 2719 735 2770 4.
753 2718 862 2770 Interea

58 2786 863 2861 rexllemetrim,quipropteranimipertlnaclmbclxcn

609 2856 677 2922 M
