2054 3090
119 333 164 384 rofi
308 337 363 388 DE
390 338 723 390 ARCHITECTURA

116 438 268 489 cessiorem
282 442 444 506 minoreque
458 441 605 492 latitudine
621 439 770 507 pulpitum,
791 437 917 506 quodia-

114 511 183 567 γεῐον
194 509 348 572 appellant,
359 508 423 558 ideo
435 509 510 575 quod
521 508 594 575 apud
604 523 652 559 eos
663 508 764 574 tragici
777 513 807 558 et
817 505 917 559 comici

115 578 224 625 actores
244 576 272 624 in
292 590 376 626 scena
394 582 545 642 peragunt,
565 576 667 642 reliqui
685 580 778 625 autem
794 574 917 624 artifices

115 656 178 690 snas
190 657 239 707 per
254 641 424 693 orchestram
440 650 585 709 praestant
597 643 732 693 actiones.
768 642 867 708 ltaque
883 653 917 691 ex

115 724 147 755 oo
164 711 269 759 scenici
285 717 313 761 et
327 708 471 776 thymelici
484 725 585 778 graece
605 710 755 777 separatim
773 709 917 760 nominan-

115 784 166 824 tur.
204 778 270 826 Eius
286 778 361 844 logei
377 778 496 829 altitudo
514 794 570 829 non
584 779 674 828 minus
689 776 775 828 debet
792 791 856 827 osse
871 789 916 842 pe-

114 843 176 890 «lnm
193 844 301 907 decem,
317 862 372 895 non
386 846 448 911 plus
465 845 621 896 duodecim.
658 843 847 896 Gradationes
858 858 916 895 sca·

115 911 199 958 lor-nm
211 912 284 960 inter
295 927 398 962 cuneos
413 921 441 964 et
452 913 534 963 sedes
546 920 644 963 contra
657 910 856 979 quadratorum
871 924 917 959 an·

114 977 194 1037 gulos
209 979 365 1045 dirigantur
380 980 414 1029 ad
428 981 544 1046 primam
560 979 812 1047 praecinctionem:
833 978 867 1028 ab
884 991 917 1026 ea

114 1046 320 1107 praecinctione
334 1048 407 1097 inter
418 1062 465 1098 eas
475 1048 577 1099 iterum
586 1048 695 1098 mediae
702 1046 871 1114 dirigantur,
889 1052 917 1093 ct

113 1111 146 1159 ml
170 1129 301 1163 snrnmam
323 1115 452 1178 quotiens
471 1117 709 1182 praecinguntur,
725 1112 815 1164 altero
837 1116 914 1162 tanto

115 1194 221 1244 cornipes·
232 1181 442 1246 amplificantur.

388 1282 520 1333 cnrur
546 1252 666 1334 vurj'

314 1348 390 1404 (uulgo
403 1349 492 1403 Capitis
503 1349 568 1392 VIII.
580 1353 635 1392 sect.
646 1353 666 1391 t.
678 1349 710 1404 5.)

193 1421 251 1481 (De
271 1422 350 1473 locis
370 1422 624 1473 consonantibus
643 1423 684 1472 ad
700 1420 833 1473 theatro
896 1452 907 1475 -.

422 1490 602 1556 eligendis.)

163 1572 229 1620 Cum
245 1570 314 1621 haec
336 1573 429 1622 omnia
442 1588 549 1623 summa
563 1588 630 1624 cura
640 1573 813 1639 solertiaque
829 1572 915 1639 expli-

112 1643 174 1688 cata
188 1639 256 1698 sint,
272 1645 338 1688 tunc
353 1640 436 1690 etiam
453 1639 617 1707 diligentius
633 1648 677 1691 est
691 1640 915 1691 animadverten-

112 1707 189 1767 dum,
204 1706 246 1754 uti
259 1707 296 1756 sit
307 1705 413 1757 electus
423 1706 517 1770 locus,
533 1709 561 1758 in
573 1724 626 1775 quo
637 1708 739 1758 leniter
752 1708 875 1774 applicet
885 1722 914 1756 se
945 1719 948 1723 ·

113 1786 178 1834 vox,
189 1787 280 1839 neque
291 1773 403 1839 repulsa
412 1774 542 1825 resiliens
553 1777 675 1826 incertas
687 1774 799 1824 auribus
811 1773 916 1825 referat

112 1840 342 1906 significationes.
380 1841 450 1894 Sunt
460 1844 533 1893 enim
543 1842 670 1893 nonnulli
681 1842 738 1893 loci
747 1841 915 1892 naturaliter

112 1908 296 1974 impedientes
306 1910 384 1961 vocis
394 1916 502 1973 motus,
519 1912 560 1961 uti
570 1911 762 1975 dissonantes,
778 1910 825 1976 qui
836 1922 914 1975 grae-

112 1991 143 2025 ce
163 1976 292 2027 dicuntur
310 1975 493 2040 κατηχοῦντεςε
513 1979 765 2039 circumsonantes,
778 1977 823 2043 qui
840 1975 912 2042 apud

113 2057 161 2092 cos
181 2046 358 2095 nominantur
372 2047 565 2111 περιηχοῦντεςε
584 2047 652 2096 item
667 2051 846 2105 resonantes,
865 2043 910 2108 qui

112 2110 240 2161 dicuntur
255 2109 436 2175 ἅντηχοῦντιςε
459 2120 716 2179 consonantesque,
732 2127 801 2179 quos
817 2110 909 2175 appel-

111 2177 169 2228 lant
189 2181 367 2241 carmonensis.
402 2180 587 2231 Dissonantes
604 2187 679 2242 sunt,
690 2180 719 2230 in
739 2179 839 2246 quibus
858 2192 912 2227 vox

111 2247 214 2308 prima,
226 2262 286 2296 cum
298 2253 341 2297 est
351 2247 426 2298 elata
433 2249 463 2297 in
473 2247 657 2309 altitudinem,
670 2246 779 2297 offensa
787 2245 913 2312 superio·-

104 2311 186 2361 ribus
211 2313 310 2363 solidis
335 2314 513 2380 corporibus,
543 2315 710 2380 repulsaque
732 2313 862 2363 resiliens
883 2312 911 2360 in

111 2379 208 2439 imum,
236 2381 366 2444 opprimit
389 2382 562 2449 insequentis
585 2383 663 2432 vocis
687 2381 846 2430 elationem.
886 2379 910 2427 2.

111 2446 354 2497 circumsonantes
366 2455 458 2499 autem
469 2456 544 2511 sunt,
555 2450 583 2498 in
595 2449 694 2515 quibus
706 2448 912 2512 circumvagan-

110 2512 144 2560 ‹lo
160 2520 259 2563 coacta
272 2529 328 2566 vox
341 2529 372 2565 se
383 2516 495 2567 solvens
505 2517 534 2566 in
543 2516 635 2567 medio
647 2516 707 2566 sine
719 2513 851 2565 extremis
868 2526 911 2562 ca-

110 2579 186 2631 sibus
207 2596 323 2645 sonans‚
343 2582 383 2633 ibi
403 2584 577 2651 extinguitur
589 2584 699 2633 incerta
711 2581 860 2633 verborum
875 2579 911 2629 si-

110 2648 299 2712 gnificatione.
335 2651 510 2702 Resonantes
525 2666 607 2713 vero,
624 2651 652 2700 in
673 2650 786 2717 quibus,
806 2662 869 2698 cum
882 2646 911 2695 in

109 2714 201 2765 solido
211 2722 288 2767 tactu
298 2732 432 2784 percussa
440 2718 562 2781 resiliat,
578 2718 715 2784 imagines
731 2712 911 2783 exprimendo

109 2782 276 2834 novissimos
305 2800 386 2837 casus
415 2786 540 2852 duplices
566 2784 674 2835 faciunt
701 2785 807 2835 auditu.
842 2780 911 2832 Item

109 2858 296 2902 consonantes
314 2860 392 2916 sunt,
408 2854 437 2903 in
453 2851 552 2919 quibus
568 2851 601 2913 ab
612 2853 675 2901 imis
686 2851 835 2913 auxiliata,
850 2861 912 2899 eum
