2054 3090
10 2788 28 2935 l

287 202 414 255 LIBER
435 204 455 256 l.
485 203 568 255 CAP.
588 202 637 256 IV.
833 204 864 252 lt

58 316 111 368 que
127 317 192 356 cum
207 306 243 356 ad
256 312 357 357 terram
373 307 574 373 perducuntur,
590 306 706 354 animam
723 320 783 354 cum
795 311 881 371 aqna‘

57 369 230 439 relinquunt.
250 373 319 425 ltem
329 376 484 438 terrestria,
492 373 567 441 quod
577 388 591 424 e
602 373 745 438 principiis
757 373 791 421 ab
800 378 864 422 aere

56 438 211 504 caloreque
226 444 291 489 sunt
302 445 470 505 temperata,
482 442 629 506 minusque
644 437 747 490 babent
759 441 863 490 terreni

56 505 263 571 plurimumque
274 504 412 569 humoris,
428 506 502 573 quod
512 506 653 557 abundant
663 505 791 557 humidae
804 523 864 573 par·

56 582 110 634 tes,
120 587 179 622 non
190 571 237 622 diu
247 581 365 639 possunt
374 575 402 623 in
413 590 429 624 a
449 575 578 626 navitam
589 575 669 625 tueri.
706 575 729 625 8.
750 575 824 642 Ergo
840 575 862 624 si

57 639 128 690 baec
138 639 180 689 ita
190 638 326 703 videntur,
333 591 563 708 quemadmodum
573 643 779 708 proposuimus,
791 649 820 693 et
831 657 864 693 ex

55 707 535 775 iisprincipiisanimaliumcorpora
545 710 701 774 composita
710 726 794 760 sensu
804 725 865 776 per-

57 776 192 840 cipimus,
207 780 236 824 et
246 775 492 827 exuberationibus
507 783 555 827 aut
569 777 774 828 defectionibus
784 793 817 828 ea
827 778 864 827 la-

56 843 161 892 borare
172 840 343 909 dissolvique
353 843 549 894 indicavimus:
561 859 616 894 non
627 844 863 911 dubitamus,quin

56 908 223 976 diligentius
235 912 330 975 quaeri
342 918 480 977 oporteat,
491 912 530 962 uti
543 913 790 977 temperatissimas
801 927 864 961 coe-

56 976 78 1028 li
89 975 225 1042 regiones
240 977 390 1044 eligamus,
405 994 466 1028 cum
481 980 640 1044 quaerenda
653 978 739 1029 fuerit
751 981 780 1028 in
790 994 864 1028 moe-

57 1044 136 1094 nium
146 1042 381 1096 collocationibus
393 1045 551 1096 salubritas.
580 1045 604 1095 9.
624 1046 721 1111 ltaque
733 1047 816 1096 etiam
826 1052 864 1095 at·

57 1125 112 1178 que
122 1110 206 1161 etiam
216 1118 340 1162 veterem
348 1112 532 1163 revocandam
541 1126 644 1163 censeo
655 1114 864 1163 rationemmra·

56 1180 135 1229 iores
147 1178 219 1227 enim
229 1179 379 1244 pecoribus
389 1179 550 1242 immolatis,
562 1193 632 1244 quae
641 1178 827 1244 pascebantur
837 1180 864 1228 in

57 1247 94 1296 iis
105 1245 193 1307 locis,
209 1247 308 1310 quibus
320 1253 368 1296 aut
378 1245 480 1312 oppida
490 1253 538 1297 aut
549 1252 641 1297 castra
651 1247 753 1296 stativa
763 1248 865 1297 consti·

56 1313 221 1375 tuebantur,
234 1313 422 1378 inspiciebant
430 1313 569 1376 ieeinora,
581 1319 610 1364 et
620 1314 730 1364 cierent
740 1314 827 1364 livida
837 1323 865 1365 et

57 1381 163 1431 vitiosa
181 1381 283 1446 prima,
303 1381 359 1431 alia
377 1381 570 1444 immolabant,
591 1381 750 1432 dubitantes
773 1389 863 1432 utrum

57 1447 157 1499 morbo
170 1462 204 1496 an
214 1447 309 1513 pabuli
317 1449 387 1500 vitio
399 1449 477 1500 laesa
488 1455 593 1501 essent:
609 1447 669 1500 cum
681 1450 806 1516 pluribus
819 1465 864 1501 ex-

57 1517 130 1582 perti
146 1521 237 1577 erant,
253 1521 281 1566 et
293 1516 480 1581 probaverant
492 1518 550 1568 inte
572 1532 629 1566 ram
644 1525 672 1569 et
686 1518 804 1568 solidam
818 1533 854 1567 na

56 1590 148 1634 turam
158 1584 312 1633 iecinorum
323 1598 358 1635 ex
368 1592 440 1652 aqua
450 1591 478 1634 et
486 1532 598 1650 pabuda
607 1585 647 1634 ibi
658 1585 866 1636 constituebant

58 1650 241 1713 munitiones;
265 1652 289 1700 si
312 1657 406 1702 antem
429 1652 532 1703 vitiosa
550 1652 730 1703 inveniebant
748 1653 863 1714 indicio,

57 1716 275 1768 transferebant:
294 1719 361 1770 item
375 1720 404 1769 in
418 1718 545 1770 humanis
557 1719 721 1785 corporibus
733 1720 864 1786 pestilen-

58 1795 115 1835 tem
124 1783 246 1835 iuturam
257 1793 417 1837 nascentem
427 1788 455 1837 in
467 1788 581 1837 iislocis
594 1802 682 1853 aquae
694 1787 803 1854 cibique
819 1802 864 1836 co-

57 1853 143 1918 piam:
167 1858 196 1902 et
214 1852 256 1901 ita
272 1855 508 1920 transmigrabant
524 1862 552 1905 et
566 1854 710 1905 mutabant
722 1856 864 1922 regiones,

57 1925 224 1987 quaerentes
235 1920 361 1970 omnibus
371 1921 454 1972 rebus
463 1922 664 1972 salubritatem.
693 1924 732 1971 lll.
744 1923 807 1970 lloc
818 1937 864 1970 ar:-

57 1993 114 2038 tem
133 1987 206 2048 lieri,
225 1988 266 2036 uti
282 1987 385 2052 pabulo
402 1989 520 2054 ciboque
536 1989 662 2038 salubres
675 1989 864 2053 proprietates

57 2062 150 2105 terrae
164 2055 323 2115 videantur,
337 2053 406 2105 licet
419 2055 638 2105 animadvertere
653 2060 681 2104 et
691 2069 864 2122 cognoscere

58 2137 93 2172 ex
107 2123 182 2189 agris
198 2122 387 2183 Cretensium,
402 2123 448 2188 qui
463 2129 528 2172 sunt
541 2123 617 2172 circa
630 2120 799 2174 Pothereum
816 2122 863 2172 iln-

57 2205 133 2252 men,
149 2190 223 2255 quod
238 2196 282 2239 est
296 2189 395 2239 Cretae
406 2190 479 2240 inter
490 2189 558 2240 duas
570 2190 698 2241 civitates
711 2189 825 2241 Gnoson
836 2196 864 2240 et

58 2256 226 2322 Gortynam:
246 2257 345 2307 dextra
360 2257 432 2306 enim
449 2263 477 2307 et
491 2257 606 2307 sinistra
616 2259 676 2308 eius
688 2256 807 2309 fluminis
818 2274 863 2323 pa-

56 2331 172 2374 scuntur
184 2339 299 2390 pecora3
319 2325 368 2374 sed
383 2339 417 2374 ex
430 2325 478 2387 iis,
493 2340 564 2390 quae
577 2331 728 2390 pascuntur
737 2326 863 2392 proxime

57 2391 183 2453 Gnoson,
195 2391 318 2456 splenem
329 2391 443 2455 habent3
455 2407 525 2459 qnae
537 2399 628 2443 autem
640 2408 675 2443 ex
685 2394 774 2444 altera
785 2399 863 2458 parte

56 2460 183 2524 proxime
191 2459 415 2525 Gortynam,non
427 2457 530 2510 babent
540 2467 717 2526 apparentem
729 2461 862 2526 splenem.

56 2526 135 2576 Unde
144 2526 228 2577 etiam
239 2527 340 2577 medici
352 2534 518 2594 quaerentes
529 2527 563 2577 de
574 2541 608 2577 ea
618 2543 648 2578 re
659 2529 825 2578 invenerunt
835 2528 861 2575 in

54 2594 90 2643 iis
102 2593 174 2643 locis
185 2592 313 2656 herbam,
328 2610 409 2660 quam
418 2609 523 2660 peoora
533 2596 657 2645 rodendo
669 2595 863 2644 imminuerant

55 2660 158 2711 lienes:
181 2661 221 2710 ita
239 2675 299 2711 eam
317 2660 430 2713 herbam
448 2662 609 2729 colligendo
625 2668 723 2713 curant
736 2662 862 2713 lienosos

56 2726 346 2843 hochedioamento,
367 2730 441 2796 quod
461 2731 545 2781 etiam
563 2727 693 2791 ricuinum
713 2730 866 2781 Cretenses

136 2805 150 2846 1
156 2805 212 2846 ro.
633 2799 659 2855 B
