2054 3090
226 223 273 271 llll
425 224 478 273 DE
500 223 824 276 ARCHITECTURA

221 323 333 390 podium
345 325 489 375 columnae
500 340 561 375 cum
572 326 701 392 capitulis
712 333 741 377 et
750 326 833 392 spiris
843 324 918 375 altae
929 327 1026 390 quartu

220 398 298 456 parte
314 391 437 442 eiusdem
453 392 595 443 diametri:
614 392 746 460 epistylia
759 400 788 443 et
801 395 965 443 ornamenta
981 404 1025 440 ea-

221 474 280 508 rum
295 458 485 509 columnarum
502 458 658 510 altitudinis
694 460 773 510 uinta
788 466 880 527 parte:
900 457 1024 523 pluteum

220 527 401 590 insupercum
410 525 484 575 unda
494 531 523 576 et
532 541 637 576 corona
646 476 790 577 inhriorts
805 526 892 593 plutei
907 522 1023 575 dimidia

221 599 311 658 parte:
322 608 355 643 su
374 593 439 642 raid
449 591 571 660 pluteum
581 593 727 645 columnae
738 600 836 660 quarta
863 597 924 642 arte
934 591 1022 640 mino-

220 673 250 708 re
262 660 343 709 altitu
363 660 408 709 ine
420 661 475 710 sint
485 674 566 726 quarn
575 659 738 711 inferiorem
758 607 889 727 epistyhia
903 658 933 709 et
943 671 1022 708 urna-

220 732 312 776 menta
323 740 416 776 earum
427 727 616 779 columnarum
629 727 726 794 quinta
735 731 822 792 parte.
851 724 920 776 ltem
930 724 956 775 si
965 731 1021 774 ter-

221 793 260 841 tia
270 792 415 858 episcenos
426 793 520 844 futura
529 795 596 857 erit,
609 794 731 855 mediani
741 793 830 861 plutei
839 805 974 843 summum
984 789 1022 840 sit

220 859 335 909 dimidia
353 867 444 927 parte:
464 860 608 911 columnae
627 875 749 912 summae
767 858 957 910 medianarum
970 859 1020 907 mi-

219 941 270 976 nus
280 925 354 977 altae
364 927 421 977 sint
430 934 528 993 quarta
537 935 629 993 parte:
640 927 771 995 epistylia
781 941 842 977 cum
853 925 965 976 coronis
976 937 1021 974 ea-

219 1009 279 1043 rum
298 993 487 1044 columnarum
503 995 571 1044 item
588 992 709 1045 habeant
724 991 880 1045 altitudinis
897 991 1020 1058 quintam

219 1064 333 1127 partem.
367 1060 393 1111 l.
412 1058 471 1112 Nec
481 1067 574 1112 tamen
586 1061 615 1111 in
629 1061 754 1112 omnibus
768 1058 886 1111 theatris
902 1072 1020 1124 symme-

219 1128 291 1177 triae
306 1127 341 1177 ad
356 1141 452 1178 omnes
464 1129 589 1179 rationes
604 1128 634 1179 et
647 1126 764 1179 effeetus
798 1132 1020 1190 ossuntrespon-

220 1195 295 1257 dere,
305 1194 355 1245 sed
366 1198 478 1261 oportet
487 1193 668 1246 architectum
679 1143 909 1256 animadvertere,
920 1190 1020 1260 quibus

236 1261 610 1327 roportionibusnecessesit
620 1263 700 1329 sequi
709 1261 912 1330 symmetriam,
923 1265 953 1309 et
962 1259 1021 1325 qui·

218 1277 270 1377 hus
289 1328 444 1379 rationibus
464 1319 498 1378 ad
513 1329 567 1379 loci
583 1335 709 1380 naturam
721 1327 940 1396 magnitudinem
956 1338 1020 1392 ope-

218 1392 537 1460 risdebeattemparari.
566 1395 782 1458 Suntenimres,
807 1392 1019 1458 uasetiupusil-

218 1460 247 1510 lo
258 1466 287 1510 et
295 1461 324 1509 in
333 1474 434 1527 magno
445 1459 555 1512 theatro
566 1476 682 1514 necesse
693 1469 737 1515 est
746 1410 843 1513 eaden
852 1458 1019 1529 magnitudi-

219 1541 253 1576 ne
269 1526 330 1577 lieri
342 1533 457 1594 propter
469 1542 561 1592 usum;
575 1529 615 1580 uti
630 1529 743 1597 gradus,
754 1528 920 1591 diatomata,
929 1527 1019 1594 plute-

220 1609 261 1654 os,
276 1593 391 1656 itinera‚
407 1595 571 1658 adscensus,
605 1597 706 1662 ulpita,
716 1596 879 1658 tribunalia,
890 1601 920 1645 et
929 1594 953 1645 si
965 1608 1019 1660 qua

220 1661 276 1710 alie
289 1661 489 1725 intercurrunt,
504 1676 540 1714 ex
554 1663 652 1730 quibus
666 1664 821 1715 necessitas
837 1677 870 1714 co
894 1663 915 1712 't
929 1661 1019 1712 disce·

170 1739 172 1743 ·
218 1728 285 1779 dere
300 1728 335 1778 ab
345 1730 514 1795 symmetria,
525 1746 560 1781 ne
570 1731 737 1798 impediatur
747 1747 820 1782 usus.
883 1744 919 1779 on
928 1728 1019 1778 minus

217 1797 241 1845 si
252 1796 449 1876 quaexiguitas
461 1797 647 1863 copiarum,id
657 1804 701 1849 est
709 1797 865 1860 marmoris,
874 1795 1018 1856 materiae,

218 1863 442 1981 rchquarumque
456 1878 561 1927 rerum,
572 1880 643 1932 quae
653 1870 797 1931 parantur,
808 1865 836 1914 in
847 1877 931 1930 opere
942 1860 1020 1912 delu-

218 1931 298 1993 erint,
309 1931 392 1996 paulu
404 1946 449 1981 um
458 1930 568 1982 demere
576 1938 624 1982 aut
634 1932 769 1994 adiicere,
785 1930 848 1981 dum
857 1930 886 1981 id
897 1944 931 1980 ne
941 1929 1021 1979 nimi-

217 1998 922 2063 umimprobeliatsedcumsensu,noneritalienum.
957 1995 1021 2046 Hoc

219 2072 311 2115 autem
322 2067 390 2127 erit,
401 2066 425 2116 si
437 2064 606 2117 architectus
618 2068 673 2117 erit
681 2082 734 2117 usu
743 2067 863 2132 peritus,
873 2068 1021 2131 praeterea

218 2132 331 2197 ingenio
347 2131 446 2182 mobili
460 2132 631 2200 solertiaque
646 2149 702 2184 non
721 2133 807 2184 fuerit
820 2132 958 2182 viduatus.
994 2128 1018 2178 8.

218 2198 297 2262 lpsae
309 2203 400 2248 autem
411 2212 512 2250 scenae
522 2215 586 2251 suas
598 2199 718 2251 habeant
727 2201 851 2250 rationes
866 2197 1021 2263 explicatas

218 2264 271 2326 ita,
288 2265 328 2314 uti
337 2264 447 2315 mediae
458 2265 555 2317 valvae
564 2265 808 2318 ornatus'habeant
818 2264 898 2316 aulae
908 2263 1020 2330 regiae3

219 2331 317 2382 dextra
327 2346 360 2381 ac
370 2332 484 2382 sinistra
494 2331 657 2400 hospitalia:
669 2333 819 2385 seeundum
830 2338 922 2383 autem
930 2330 1021 2395 spatia

218 2398 253 2448 ad
271 2405 384 2449 ornatus
399 2407 572 2465 comparata,
589 2416 660 2468 quae
677 2402 740 2452 loca
751 2401 852 2452 Graeci
867 2393 1020 2464 περιάκτους

218 2465 314 2516 dicunt
324 2466 358 2516 ab
369 2482 417 2529 eo,
454 2467 510 2518 uod
524 2467 669 2519 machinae
683 2469 785 2520 suntin
795 2468 831 2517 iis
842 2466 913 2517 locis
926 2478 1020 2515 versa·

218 2533 283 2584 tiles
293 2534 434 2601 trigonoe,
466 2534 581 2585 abentes
591 2537 620 2585 in
631 2535 742 2603 singula
751 2542 810 2586 tres
820 2533 929 2600 species
941 2545 1020 2583 orna-

163 2620 165 2625 ’
218 2599 319 2664 tionis,
337 2616 408 2666 quae
424 2616 486 2652 cum
500 2608 548 2652 aut
558 2601 713 2653 fabularum
723 2601 891 2653 mutationes
906 2596 1020 2649 sunt-iu·

218 2672 312 2730 turae,
328 2683 379 2719 seu
389 2668 505 2719 deorum
515 2669 650 2719 adventus
661 2685 722 2720 cum
736 2667 887 2720 tonitribus
902 2665 1021 2732 repenti·

215 2734 269 2797 nis,
281 2741 431 2809 versentur
440 2741 603 2804 mutentque
613 2737 735 2803 speciem
746 2734 902 2786 ornationis
911 2731 1011 2783 infron
