2054 3090
108 153 160 207 246
241 153 296 205 ΒΕ
320 152 640 206 ARCHITECTURA
657 152 735 204 LlB.
752 151 790 205 X.

95 256 280 308 ¹limitatione
292 258 419 325 cognita,
432 257 598 324 temperarit
611 255 702 308 aliena
711 270 800 323 aquae
808 253 920 308 ferven-

108 326 147 376 tis
163 332 193 376 et
205 325 276 391 picis
286 324 547 392 desupernecoutra
556 326 650 392 capita
658 322 793 386 bostium,
808 331 838 374 et
847 333 920 375 ster-

110 393 187 444 coris
197 391 461 444 bumanietareuae
471 399 569 444 coctae
579 392 738 456 candentis3
758 392 822 443 dein
831 399 920 444 noctu

110 460 236 526 pertudit
249 460 349 512 crebra
359 459 511 523 iommina,
528 467 557 512 et
569 475 620 527 per
634 475 668 511 ea
682 465 796 526 repente
805 459 920 525 perfrin-

112 527 220 590 dendo,
256 529 286 579 ui
299 529 329 580 in
343 543 378 579 eo
389 527 597 596 opereiuerunt
615 525 711 579 hostes
730 541 920 578 omnesneca-

110 595 159 645 rit.
196 543 318 647 ll.(ltem
327 596 919 662 Massiliacumoppugnaretur‚etnumero

109 676 195 729 supra
204 662 286 714 XXX
294 678 394 730 specus
404 670 461 714 tum
472 671 600 731 agerent,
614 662 784 714 Massilitani
794 663 920 728 suspica·

110 730 133 780 ti
148 736 235 781 totam
250 745 321 798 quae
334 730 428 783 luerat
440 738 505 782 ante
518 745 625 782 murum
634 729 740 782 fossam
750 729 851 780 altiore
861 729 920 780 ios·

110 797 395 864 suradepresserunt3
405 799 446 851 ita
456 813 555 866 specus
565 797 801 850 omnesexitusin
811 795 919 848 fossam

111 861 281 917 habuerunt:
300 866 400 933 quobus
417 873 510 918 autem
528 865 601 917 locis
619 865 698 917 fossa
716 879 772 915 non
785 870 920 929 potuerat

111 931 174 982 tleri
182 932 256 984 inira
265 949 381 997 murum,
391 931 550 986 barathrum
560 933 731 1000 amplissima
740 931 918 998 longitudine

112 1005 141 1051 et
156 1000 337 1067 amplitudine
352 1002 394 1053 uti
408 1002 544 1069 piscinam
557 1000 792 1053 feceruntcontra
802 1014 866 1050 eum
875 998 917 1050 lo-

112 1081 188 1131 cum,
212 1083 267 1136 qua
279 1084 379 1136 specus
393 1068 561 1137 agebantur,
586 1082 701 1134 eamque
719 1082 734 1118 e
747 1067 840 1134 puteis
855 1074 885 1118 et
900 1081 917 1116 e

111 1141 195 1201 portu
208 1136 400 1204 impleverunt.
427 1137 524 1204 ltaque
534 1152 596 1188 oum
605 1151 705 1202 specus
715 1141 811 1186 essent
819 1149 918 1202 repen-

111 1208 140 1253 te
150 1203 291 1255 naribusa
310 1205 391 1268 ortis,
406 1202 555 1256 vehemens
568 1219 657 1271 aquae
666 1204 709 1254 vis
718 1202 844 1253 immissa
853 1217 917 1268 sup-

111 1271 246 1337 plantavit
258 1220 391 1336 iufturas,
414 1273 516 1354 quique
529 1273 603 1323 intra
615 1271 728 1322 fuerunt
740 1277 770 1320 et
782 1268 817 1320 ab
827 1283 917 1337 aquae

110 1338 288 1391 multitudino
301 1347 331 1392 et
343 1340 379 1392 ab
391 1355 472 1393 ruma
485 1355 584 1408 specus
595 1354 690 1390 omues
701 1344 766 1389 sunt
779 1337 916 1405 oppressi.

113 1406 153 1455 12.
164 1405 322 1458 Etiamnum
329 1422 418 1476 agger
426 1408 734 1460 admurumcontrueos
741 1419 916 1472 comparare-

110 1478 165 1534 tur,
174 1479 203 1523 et
210 1473 356 1526 arboribus
367 1475 468 1527 excisis
479 1490 568 1542 eoque
579 1475 726 1526 collocatis
735 1473 815 1525 locus
826 1473 916 1540 operi·

113 1538 165 1591 bus
176 1549 407 1621 exaggeraretur,
420 1541 530 1594 balistis
540 1550 635 1593 vectes
645 1541 754 1592 ferreos
764 1540 914 1591 candentes

113 1607 143 1658 in
161 1607 191 1659 iel
208 1609 358 1672 notendo,
377 1615 466 1662 totam
483 1610 664 1661 munitionem
683 1612 839 1676 coegerunt
849 1621 913 1658 oon·

114 1673 152 1727 tls
186 1688 243 1728 are.
278 1677 403 1730 Testudo
422 1683 514 1730 autem
532 1678 665 1729 arietaria
683 1693 744 1727 cum
758 1675 794 1727 ad
808 1688 915 1726 murum

114 1759 150 1813 pu
163 1745 279 1797 sendum
293 1745 472 1808 accessisset,
492 1745 663 1797 demiserunt
675 1745 817 1812 laqueum,
837 1749 868 1794 ct
880 1756 914 1794 eo

113 1811 201 1864 ariete
212 1813 378 1876 constricto,
391 1828 443 1881 per
450 1820 610 1882 tympanum
620 1818 718 1880 ergata
727 1812 917 1878 circumagen-

112 1885 156 1931 tes
171 1896 218 1932 sus
239 1895 307 1934 enso
321 1882 413 1951 capite
426 1883 502 1945 eius,
525 1897 581 1933 non
592 1887 657 1932 sunt
668 1879 744 1946 passi
766 1878 844 1947 tangi
857 1893 917 1929 mu-

111 1960 181 2000 rum.
245 1949 289 2000 eni
309 1965 345 2001 ue
366 1955 455 2003 totam
475 1948 630 2001 machinam
648 1944 830 2000 candentibus
848 1946 917 1998 mal·

112 2015 195 2068 leolis
218 2023 247 2067 et
258 1964 421 2070 balistarum
438 2017 530 2086 plagis
549 2017 761 2084 dissipaverunt.
795 2012 840 2065 lta
861 2010 915 2065 bae

112 2083 232 2135 victoria
245 2084 371 2137 civitates
385 2101 443 2137 non
454 2083 599 2148 machinis,
610 2082 766 2136 sedcontra
774 2078 917 2133 machina-

111 2164 172 2202 rum
187 2151 324 2204 rationem
337 2151 552 2206 architectorum
566 2152 683 2204 solertia
694 2155 759 2202 sunt
767 2148 915 2201 liberatae.

159 2218 234 2280 Quas
244 2221 323 2287 potui
333 2221 367 2272 de
378 2219 512 2272 machinis
522 2220 654 2287 expedire
662 2219 787 2271 rationes
798 2221 828 2268 et
835 2217 915 2285 pacis

111 2286 233 2354 bellique
246 2289 417 2357 temporibus
429 2289 594 2342 utilissimas
606 2287 714 2357 putari,
728 2286 757 2337 in
771 2282 826 2337 hoc
835 2284 915 2338 volu·

111 2355 186 2407 mine
199 2354 315 2436 perfeci.
349 2357 384 2408 ln
415 2357 538 2411 rioribus
551 2370 619 2409 vero
632 2369 732 2407 novem
745 2352 780 2404 de
794 2352 915 2421 singulis

112 2422 262 2490 genenbus
280 2429 312 2476 et
327 2372 450 2494 partibus
465 2424 636 2493 comparavi,
654 2423 695 2474 uti
707 2426 798 2473 totum
810 2435 845 2472 co
880 2435 915 2473 us

113 2491 205 2542 omnia
219 2490 423 2547 architecturae
436 2493 559 2547 membra
570 2492 600 2544 in
614 2491 711 2544 decem
723 2487 859 2542 volumini
879 2503 913 2540 us

112 2553 386 2628 haberetexplicata.
