2054 3090
341 191 519 265 LIBERVV.
555 190 636 243 CAP.
663 191 748 245 vlu.
874 189 921 260 llll

88 309 92 316 ·
109 295 286 347 incremento
307 293 459 357 scandens,
482 294 641 361 ingreditur
660 294 696 344 ad
714 310 795 346 aures
815 295 921 346 diserta

108 362 261 414 verborum
277 362 416 413 claritate.
436 361 478 412 lta
489 363 514 412 si
528 362 695 412 iulocorum
705 361 845 413 electione
860 362 919 412 iue-

109 431 156 493 rit,
168 429 292 499 diligens
303 430 522 492 animadversio,
535 429 697 480 emendatus
708 430 763 480 erit
772 429 921 496 prudentia

110 497 147 548 ad
156 496 309 549 utilitatem
320 496 348 547 iu
358 495 476 549 theatris
487 497 565 547 vocis
576 495 703 548 effectus.

160 563 327 616 Formarum
338 571 432 615 autem
441 564 647 630 descriptiones
656 565 731 615 inter
742 579 773 615 se
785 564 921 617 discrimi-

110 632 193 683 nibus
204 629 249 684 his
264 638 347 683 erunt
358 638 486 693 notatae,
507 633 548 683 uti
563 646 633 698 quae
649 645 684 683 ex
694 632 838 708 quadratis
850 632 921 697 desi-

110 705 245 766 gnantur,
261 697 434 750 Graecorum
448 697 569 759 habeant
582 715 663 761 usus,
685 700 789 750 latinae
808 700 922 766 paribus

111 765 247 818 lateribus
256 767 442 834 trigonorum.
479 766 521 816 ltu
530 764 575 817 bis
585 767 854 833 praescriptionibus
875 767 920 833 qui
953 796 961 813 .

112 833 237 888 voluerit
254 834 308 897 uti,
328 834 489 886 emendatas
509 834 614 886 alliciet
632 831 805 886 theatrorum
831 833 921 901 perie-

111 901 231 954 ctiones.
543 927 545 932 v
970 911 972 913 ’

407 1002 542 1055 CAPUT
567 1002 620 1055 lx.

215 1085 263 1138 De
275 1086 463 1156 porticibus
476 1077 555 1154 post
569 1101 696 1139 scenam
714 1094 745 1138 et
761 1100 820 1136 am·

405 1153 635 1207 halationibus.

165 1238 237 1291 Post
246 1253 358 1292 scenam
364 1237 491 1322 porticus
502 1245 567 1291 sunt
575 1238 797 1300 constituendae,
807 1237 849 1287 uti
861 1252 922 1288 cum
941 1270 946 1281 .

114 1306 219 1358 imbres
232 1307 373 1375 repentini
387 1306 470 1370 ludos
484 1305 738 1373 interpellaverint,
758 1303 861 1356 habeat
873 1320 921 1372 po-

115 1373 212 1441 pulus,
224 1389 279 1441 quo
289 1389 321 1426 se
330 1375 450 1442 recipiat
460 1390 496 1427 ex
504 1373 631 1437 theatro,
647 1371 835 1441 choragiaque
846 1373 921 1424 laxa-

115 1447 239 1504 mentum
248 1440 371 1494 habeant
380 1442 416 1493 ad
426 1441 654 1510 comparandum:
669 1441 710 1492 uti
721 1446 786 1492 sunt
794 1441 921 1507 porticus

116 1508 305 1576 Pompeianae
314 1509 438 1577 itemque
447 1509 564 1562 Athenis
573 1509 699 1577 porticus
709 1508 858 1571 Eumenia,
869 1507 921 1558 Pa-

116 1577 224 1645 trisque
237 1575 336 1628 Liberi
348 1575 457 1641 ianum,
475 1585 504 1630 et
517 1576 683 1638 exeuntibus
699 1591 713 1626 e
730 1575 840 1627 theatro
856 1576 922 1626 sini-

115 1649 176 1695 stra
187 1649 268 1710 parte
283 1644 404 1708 Odeum,
419 1645 495 1712 quod
503 1643 715 1696 ·'1·'hemistocles
730 1643 868 1694 columnis
882 1643 921 1692 la·

115 1711 208 1778 pideis
226 1712 339 1763 narium
356 1712 438 1764 malis
452 1719 482 1764 et
500 1713 628 1764 antennis
648 1727 663 1762 e
683 1712 782 1777 spoliis
797 1710 920 1760 Persicis

136 1778 253 1842 ertexit3
267 1778 343 1831 idem
352 1785 445 1831 autem
455 1778 563 1847 [enam]
576 1781 719 1830 incensum
726 1776 919 1828 Mithridatico

115 1794 193 1897 hello
203 1846 465 1914 rexAriob'arzanes
479 1848 617 1899 restituit:
638 1845 773 1912 Smyrnae
784 1843 920 1895 Stratoni-

116 1924 211 1976 ceum,
225 1912 367 1966 Trallibus
380 1916 506 1981 porticus
517 1929 552 1966 ex
560 1920 678 1978 utraque
688 1918 767 1978 porte
778 1917 809 1962 ut
819 1925 919 1961 scenae

116 1995 203 2047 supra
212 1980 345 2032 stadium:
365 1983 523 2049 ceterisque
534 1981 709 2041 civitatibus,
721 1994 791 2045 quae
803 1978 920 2044 diligen·
981 2003 983 2007 ·

115 2048 206 2099 tiores
216 2045 567 2111 habuerunt-architectos,
578 2048 655 2098 circa
664 2046 775 2097 theatra
785 2051 849 2096 sunt
858 2060 920 2110 por-

115 2115 190 2166 ticus
200 2121 230 2166 et
239 2115 453 2168 ambulationes.
488 2114 920 2178 l..Quaenidenturitaoporte-

97 2195 148 2233 ·re
163 2181 312 2246 collocari,
327 2184 368 2236 uti
380 2183 506 2250 duplices
520 2185 590 2245 sint,
608 2181 783 2248 habeantque
799 2181 920 2231 exterio-

116 2263 163 2300 res
177 2250 322 2302 columnas
329 2249 449 2302 Doricas
463 2267 526 2303 cum
540 2250 681 2318 epistyliis
701 2258 730 2300 et
750 2248 920 2299 ornamentis

118 2330 155 2369 ex
163 2317 274 2369 ratione
284 2317 486 2370 modulationis
494 2319 616 2370 Doricae
626 2317 777 2384 perfectas.
813 2315 920 2365 Latitu-

118 2383 198 2437 dines
212 2390 306 2437 autem
320 2399 414 2437 earum
430 2385 471 2436 ita
489 2393 620 2452 oportere
641 2386 703 2436 fleri
716 2384 860 2444 ridentur,
881 2381 922 2431 uti

118 2458 223 2519 quauta
236 2452 385 2504 altitudine
400 2452 547 2504 columnae
561 2452 667 2504 fuerint
677 2451 847 2510 exteriores,
863 2454 922 2508 ton·
964 2459 967 2464 “

116 2525 175 2571 tam
184 2518 362 2572 latitudinem
372 2518 538 2578 habeantab
547 2519 684 2571 inferiore
691 2524 771 2584 parte
783 2516 922 2566 columna-

118 2601 180 2639 rum
190 2593 378 2640 extremarum
388 2587 424 2638 ad
433 2587 554 2649 medias,
569 2593 598 2637 et
612 2590 629 2635 a
642 2584 780 2637 medianis
789 2582 824 2632 ad
833 2583 922 2648 parie-

107 2660 177 2718 tes,
191 2654 239 2722 qul
253 2654 476 2719 circumcludunt
489 2654 615 2720 porticus
627 2651 844 2702 ambulationes:
867 2665 923 2700 me-

118 2720 220 2775 dianae
238 2728 332 2774 autem
353 2721 498 2773 columnae
519 2722 616 2790 quinta
633 2726 713 2787 parte
732 2719 848 2770 altiores
867 2719 925 2769 sint
