2054 3090
306 194 453 247 ,hillae
469 191 523 249 lx.
550 196 636 249 GAP.
654 193 704 250 vi.
856 198 906 251 2⁰3

108 293 220 350 diacum
244 297 399 361 cardinem,
428 298 476 365 qui
497 304 543 351 est
561 305 675 367 propter
696 300 905 352 inclinationem

106 364 203 418 mundi
212 364 354 417 subiectus
369 370 477 429 terrae,
491 367 585 418 sidera
594 367 768 418 versabunda
778 368 905 420 latentia-

126 447 161 485 ue
184 447 240 484 non
261 431 364 484 babent
388 447 519 501 egressus
543 435 665 486 orientes
689 450 773 503 supra
794 442 904 488 terram.

108 449 204 568 ltaque
215 514 310 552 eorum
321 500 502 567 figurationes
512 508 626 570 propter
635 501 802 555 obstantiam
814 509 905 554 terrae

109 584 165 620 non
179 573 244 619 sunt
259 572 352 618 notae.
386 567 479 620 Huius
493 576 585 620 autem
604 570 646 620 rei
661 569 746 621 index
762 577 807 622 est
824 570 907 621 stella

110 635 228 701 Canopi,
244 649 314 703 quae
324 632 368 686 his
384 635 547 704 regionibus
558 643 602 688 est
614 637 724 705 ignota3
743 639 907 688 renunciant

109 709 201 754 autem
212 702 416 770 negotiatores,
431 702 479 769 qui
487 704 523 754 ad
535 711 672 756 extremas
679 706 801 773 Aegypti
814 706 906 772 regio·

110 786 159 820 nes
168 772 372 888 ¹proximasque
387 770 492 822 ultimis
506 772 607 823 linibus
625 777 716 823 terrae
735 773 906 824 terminatio-

109 853 158 889 nes
180 843 287 889 uerunt.

351 938 663 1064 ,mitellita

112 1077 171 1143 (De
201 1080 385 1149 astrologia
411 1080 451 1132 ad
475 1079 699 1132 divinationes
722 1079 904 1148 genethlia-

227 1163 280 1199 cos
301 1157 331 1200 et
354 1156 582 1216 tempestatem
600 1148 787 1213 translate.)

159 1245 202 1295 De
216 1245 310 1296 mundi
325 1246 400 1296 circa
413 1251 514 1296 terram
531 1244 729 1312 pervolitantia
748 1244 905 1295 duodecim-

110 1327 163 1379 que
179 1313 321 1379 signorum
335 1328 371 1365 ex
383 1312 594 1380 septentrionali
607 1313 815 1380 meridianaque
827 1318 905 1378 parte

109 1380 231 1430 siderum
246 1381 442 1447 dispositione,
457 1389 488 1432 ut
500 1382 538 1432 sit
546 1379 699 1448 perfectus,
714 1380 812 1431 docui:
832 1395 906 1431 nam·

111 1463 164 1514 que
180 1463 214 1498 ex
229 1462 263 1499 ea
276 1449 371 1500 mundi
384 1449 542 1500 versatione
560 1455 588 1500 et
606 1448 747 1499 contrario
767 1447 837 1499 solis
856 1462 906 1514 per

110 1516 191 1581 signa
210 1530 305 1578 cursu,
332 1530 555 1586 gnomonumque
575 1511 826 1583 aequinoctialibus
848 1531 906 1567 um-

110 1583 181 1645 bris,
193 1584 437 1635 analemmatorum
446 1585 623 1636 inveniuntur
633 1583 725 1635 deseri
744 1585 845 1634 hones.
881 1586 905 1634 2.

111 1651 211 1700 Cetera
230 1666 265 1703 ex
284 1653 450 1720 astrologia,
470 1654 539 1720 quos
553 1650 671 1703 effectus
690 1599 811 1702 haleant
826 1652 906 1718 signa

111 1718 270 1781 duodecim,
286 1719 385 1770 stellae
396 1721 530 1788 quinque,
547 1718 610 1782 Sol,
623 1717 715 1781 launo,
726 1719 761 1768 ad
771 1717 905 1768 humanae

112 1787 184 1835 vitae
197 1787 346 1849 rationem,
367 1785 570 1839 Chaldaeorum
582 1785 843 1837 ratiocinationibus
863 1791 906 1836 est

110 1852 327 1907 concedendum:
348 1853 423 1922 quod
435 1855 548 1922 propria
557 1859 601 1904 est
610 1867 705 1904 eorum
720 1851 905 1920 genethliolo·

110 1922 173 1987 giae
183 1921 269 1982 ratio,
282 1921 322 1971 uti
331 1922 440 1988 possint
449 1920 589 1972 antefacta
603 1926 632 1971 et
641 1919 735 1972 futura
746 1935 780 1971 ex
793 1921 905 1972 ratioci-

110 1986 268 2038 nationibus
288 1994 426 2039 astrorum
446 1989 595 2055 explioare.
630 1986 735 2038 Eorum
754 1994 847 2038 antem
865 1989 905 2038 in-

111 2055 253 2105 ventiones
266 2052 347 2122 [quas
357 2055 482 2124 scriptis]
493 2056 677 2136 reliquerunt,
693 2060 776 2121 atque
789 2056 906 2106 solertia

110 2121 336 2189 acuminibusque
347 2120 460 2174 luerunt
468 2139 591 2191 magnis,
606 2121 654 2189 qui
667 2121 701 2172 ab
714 2122 776 2189 ipsa
791 2123 904 2175 natione
916 2178 919 2185 ,

110 2188 527 2257 Chaldaeorumprofluxeruut3
549 2186 725 2259 [ostendunt]
736 2189 904 2309 (primusque

108 2258 231 2309 Berosus
251 2257 280 2307 in
300 2257 392 2309 insula
410 2265 439 2311 et
457 2259 569 2310 civitate
589 2257 629 2308 Co
649 2269 734 2309 conse
756 2258 790 2320 ‘t,
809 2258 904 2325 ibique

109 2324 217 2390 aporuit
233 2324 419 2391 disciplinam3
437 2332 537 2392 postea
545 2325 660 2378 studens
669 2324 813 2392 Antipater
826 2325 905 2377 item-

109 2407 162 2460 que
173 2389 373 2458 hchinapolus‚
406 2394 435 2444 ui
447 2394 531 2446 etiam
546 2408 603 2445 non
617 2407 632 2444 e
648 2392 792 2444 nascentia
806 2392 856 2444 sed
871 2407 904 2443 er

109 2460 293 2528 conceptione
309 2407 547 2529 geuetlrliologiae
562 2460 686 2513 rationes
697 2459 850 2527 explicatas
863 2474 904 2511 re·

108 2527 199 2595 liquit
235 2527 259 2579 3.
278 2527 321 2580 De
340 2528 512 2580 naturalibus
530 2534 622 2580 autem
637 2526 721 2578 rebus
736 2525 840 2579 Thales
852 2528 904 2579 Mi-

109 2595 208 2658 lesius,
231 2596 410 2664 Anaxagoras
430 2596 636 2657 Clazomenius,
660 2591 837 2663 Pythagoras
857 2593 904 2648 Sa-

108 2663 193 2725 mius,
208 2661 394 2730 Xenophanes
410 2662 612 2732 colophonius,
628 2661 806 2714 Democritus
817 2662 904 2714 Abde-

109 2730 191 2793 rites,
210 2731 333 2783 rationes
352 2731 450 2799 quibus
470 2738 568 2784 natura
585 2745 676 2783 rerum
696 2730 905 2798 gubernaretur,
