2054 3090
111 141 128 189 4
296 139 352 192 DE
379 139 710 194 ARCHITECTURA

110 241 246 292 memoria
258 257 423 310 permanens
438 245 467 294 in
482 250 510 296 te
522 243 783 296 contulitfavorem.
810 242 909 312 ltaque

111 325 172 359 cum
183 310 221 360 M.
232 310 346 362 Aurelio
357 317 385 362 et
395 311 425 362 P.
437 311 564 364 Numisio
575 318 604 364 et
614 313 662 364 Cn.
674 312 806 363 Cornelio
817 313 852 363 ud
864 327 912 379 cp-

110 379 283 443 parationem
292 377 456 430 balistarum
467 387 496 431 et
501 380 679 446 scorpionum
684 380 912 447 reliquorumque

110 451 312 497 tormentorum
331 445 532 513 perfectionem
550 446 591 498 fui
610 454 736 515 praesto,
758 454 858 499 etcum
869 449 912 498 cis

112 513 257 564 commodo
268 514 377 580 souepi5
392 526 463 581 quae
474 530 535 567 cum
544 514 634 581 primo
644 512 711 567 mibi
720 515 856 579 tribuisti,
865 518 911 566 re-

111 593 144 630 eo
166 581 300 632 uitionem
316 595 366 648 per
382 582 489 633 sororis
501 583 766 634 commendationem
782 585 912 635 serrasti.

111 647 136 698 3.
147 595 216 699 {um
227 661 295 716 erge
306 663 340 700 eo
348 648 487 701 beneficio
500 664 589 703 essem
601 650 750 719 obligatus,
763 656 795 702 ut
805 651 841 703 ot
851 652 911 703 em-

111 722 168 765 tum
180 717 254 766 vitae
269 731 325 766 non
340 713 470 768 haberem
483 719 596 784 inopine
613 719 756 780 timorem,
774 716 845 769 haec
858 718 911 770 tibi

112 783 235 834 scribere
247 785 340 850 coepi,
352 785 427 852 quod
436 786 633 849 animadverti,
647 786 771 837 multato
782 785 911 836 aedifica

111 851 185 901 risse
203 857 232 902 et
245 866 318 902 nunc
333 851 498 916 aedificare,
514 853 679 920 reliquoque
688 860 814 919 tempore
825 861 853 904 et
863 850 910 920 pu-

111 917 248 969 blicorum
259 924 288 969 et
296 920 467 984 privatorum
480 921 680 984 aedificiorum,
691 936 741 987 pro
753 921 910 988 amplitudi-

109 1000 146 1035 ne
160 1000 251 1046 rerum
269 992 411 1054 gestarum
427 993 458 1039 ut
471 990 593 1054 posteris
606 990 757 1040 memoriae
768 989 909 1040 traderen-

111 1058 165 1116 tur,
187 1069 281 1104 curam
300 1051 466 1106 habiturum.
495 1056 655 1124 conscripsi
671 1057 910 1123 praescriptiones

111 1120 286 1184 terminatas,
306 1128 338 1173 ut
357 1137 404 1173 eus
424 1122 570 1176 mentiens
590 1123 767 1176 etentufattc
781 1130 809 1174 et
817 1124 912 1175 futura

113 1188 206 1254 qualia
215 1190 272 1240 sint
282 1204 367 1255 opere
376 1198 473 1257 perte,
483 1199 550 1243 nota
559 1207 657 1258 posses
667 1190 782 1256 habere3
794 1206 910 1258 namque

112 1253 155 1307 his
170 1256 358 1309 voluminibus
373 1260 576 1325 aperniomnes
594 1258 757 1326 discipiinuc
776 1260 909 1310 retines.

408 1424 561 1480 cnPoT
595 1428 617 1479 I.

136 1511 226 1576 Quid
245 1510 291 1564 eit
312 1509 554 1574 architectura,
581 1512 665 1563 ct-dc
684 1511 883 1564 architectis

395 1576 618 1631 instituendis.

161 1663 313 1715 Architecti
328 1663 499 1715 estscientiu
511 1663 637 1731 pluribus
652 1662 807 1732 disciplinis
823 1670 852 1714 ut
865 1679 910 1714 vn-

111 1733 163 1784 riis
180 1731 384 1784 eruditionibus
402 1737 514 1795 ornntn,
535 1731 613 1783 cuius
632 1731 738 1783 iudicio
757 1731 912 1798 probentur

112 1801 218 1863 omnia,
240 1813 310 1865 quoe
326 1799 361 1849 ab
376 1800 478 1850 ceteris
494 1799 601 1850 ortibus
619 1799 801 1866 perficiuntur
812 1810 909 1866 opera.

108 1867 152 1918 Eu
160 1867 284 1919 nascitur
294 1865 486 1918 exfabricant
494 1867 719 1918 retiomnutione.
738 1864 912 1919 Fabricocst

112 1936 274 1986 continuate
283 1949 316 1984 uc
323 1936 392 1984 trite
402 1949 454 1984 usu
462 1934 619 1998 meditatio,
630 1935 909 2003 quamanibus‘porfi-

111 2003 184 2054 citur
199 2018 214 2054 e
232 2002 351 2052 materia
368 2002 585 2069 uniuscuiusque
605 2005 717 2070 generis
738 2018 808 2071 opus
822 2009 856 2054 ct
873 2004 908 2054 nd

109 2071 284 2138 propositum
300 2067 520 2120 defonnetionis.
555 2070 744 2124 Ratiocinatio
754 2078 846 2122 eutem
856 2078 908 2134 est,

111 2153 182 2204 quae
196 2151 242 2188 res
256 2136 407 2188 fabricatas
421 2137 539 2188 solertis
551 2153 585 2189 uc
594 2139 704 2190 ratione
735 2138 908 2204 repertionis

111 2205 395 2270 demonstrnreatque
405 2204 661 2272 explicuepmest.
679 2153 808 2273 aptaque
818 2203 908 2256 archi-

108 2273 179 2324 tecti
188 2272 236 2339 qui
245 2272 305 2323 sine
316 2271 418 2322 litteris
428 2273 631 2324 contenderunt
639 2279 671 2325 ut
678 2272 909 2324 munibusessent

112 2339 274 2401 exorcitati,
288 2353 344 2389 non
357 2345 509 2406 potuerunt
522 2339 651 2405 cilicem,
664 2347 696 2391 nt
709 2337 844 2391 haberent
875 2355 910 2392 ro

110 2407 253 2459 laboribus
265 2407 472 2458 auctoritatem:
489 2409 536 2474 qui
545 2415 637 2460 autem
645 2354 912 2460 ratiocinationibus

106 2482 140 2526 -et
148 2475 250 2526 litteris
262 2473 331 2525 solis
343 2474 441 2525 contisi
452 2475 572 2538 inerunt,
582 2475 705 2526 umbrnm
715 2490 770 2526 non
779 2490 837 2526 rem
847 2490 911 2542 per-

109 2543 200 2595 secuti
210 2541 347 2592 videntur.
381 2543 416 2592 At
427 2544 472 2608 qni
484 2547 629 2609 utrumque
639 2542 857 2609 perdidicerunt,
866 2543 908 2595 uti

110 2610 238 2662 omnibus
251 2609 338 2660 armis
351 2611 458 2672 ornati,
476 2610 559 2661 citius
573 2624 636 2661 cum
651 2610 817 2662 auctoritato
832 2611 909 2678 quod

102 2678 164 2731 init
174 2679 364 2746 propositum,
379 2681 443 2728 snm
455 2679 585 2731 saecuti.
616 2676 646 2731 ³».
656 2677 731 2730 icnm
741 2679 770 2730 in
780 2677 910 2732 omnibus
