<?xml version="1.0" encoding="UTF-8"?>
<!DOCTYPE html PUBLIC "-//W3C//DTD XHTML 1.0 Transitional//EN"
    "http://www.w3.org/TR/xhtml1/DTD/xhtml1-transitional.dtd">
<html xmlns="http://www.w3.org/1999/xhtml" xml:lang="en" lang="en">
 <head>
  <title>
</title>
<meta http-equiv="Content-Type" content="text/html;charset=utf-8" />
  <meta name='ocr-system' content='tesseract 3.04.00' />
  <meta name='ocr-capabilities' content='ocr_page ocr_carea ocr_par ocr_line ocrx_word'/>
</head>
<body>
  <div class='ocr_page' id='page_1' title='image "./dearchitectural00pollgoog_0052.png"; bbox 0 0 2054 3090; ppageno 0'>
   <div class='ocr_carea' id='block_1_1' title="bbox 69 228 881 400">
    <p class='ocr_par' dir='ltr' id='par_1_1' title="bbox 69 228 881 400">
     <span class='ocr_line' id='line_1_1' title="bbox 279 228 881 284; baseline 0.008 -6"><span class='ocrx_word' id='word_1_1' title='bbox 279 228 407 280; x_wconf 79' lang='lat' dir='ltr'><strong>Llssss</strong></span> <span class='ocrx_word' id='word_1_2' title='bbox 424 230 462 282; x_wconf 92' lang='lat' dir='ltr'><strong>ll.</strong></span> <span class='ocrx_word' id='word_1_3' title='bbox 492 231 576 283; x_wconf 81' lang='lat' dir='ltr'><strong>CAP.</strong></span> <span class='ocrx_word' id='word_1_4' title='bbox 596 230 681 284; x_wconf 91' lang='lat' dir='ltr'><strong>Vlll.</strong></span> <span class='ocrx_word' id='word_1_5' title='bbox 848 231 881 282; x_wconf 76' lang='grc'><strong>41</strong></span> 
     </span>
     <span class='ocr_line' id='line_1_2' title="bbox 69 328 880 400; baseline 0.006 -20"><span class='ocrx_word' id='word_1_6' title='bbox 69 345 125 381; x_wconf 89' lang='lat' dir='ltr'><strong>non</strong></span> <span class='ocrx_word' id='word_1_7' title='bbox 140 335 263 396; x_wconf 79' lang='lat' dir='ltr'><strong>possunt</strong></span> <span class='ocrx_word' id='word_1_8' title='bbox 277 328 339 396; x_wconf 89' lang='lat' dir='ltr'><strong>plus</strong></span> <span class='ocrx_word' id='word_1_9' title='bbox 354 345 434 397; x_wconf 89' lang='lat' dir='ltr'><strong>quam</strong></span> <span class='ocrx_word' id='word_1_10' title='bbox 450 349 531 382; x_wconf 88' lang='lat' dir='ltr'><strong>unam</strong></span> <span class='ocrx_word' id='word_1_11' title='bbox 542 335 680 384; x_wconf 86' lang='lat' dir='ltr'><strong>sustinere</strong></span> <span class='ocrx_word' id='word_1_12' title='bbox 695 333 880 400; x_wconf 83' lang='lat' dir='ltr'><strong>contignatio·</strong></span> 
     </span>
    </p>
   </div>
   <div class='ocr_carea' id='block_1_2' title="bbox 67 397 902 2697">
    <p class='ocr_par' dir='ltr' id='par_1_2' title="bbox 67 397 902 2697">
     <span class='ocr_line' id='line_1_3' title="bbox 68 397 881 451; baseline 0.002 -3"><span class='ocrx_word' id='word_1_13' title='bbox 68 413 142 448; x_wconf 87' lang='lat' dir='ltr'><strong>nem.</strong></span> <span class='ocrx_word' id='word_1_14' title='bbox 180 397 211 446; x_wconf 89' lang='lat' dir='ltr'><strong>ln</strong></span> <span class='ocrx_word' id='word_1_15' title='bbox 223 412 257 447; x_wconf 90' lang='lat' dir='ltr'><strong>ea</strong></span> <span class='ocrx_word' id='word_1_16' title='bbox 267 405 359 448; x_wconf 89' lang='lat' dir='ltr'><strong>autem</strong></span> <span class='ocrx_word' id='word_1_17' title='bbox 369 399 517 451; x_wconf 88' lang='lat' dir='ltr'><strong>maiestate</strong></span> <span class='ocrx_word' id='word_1_18' title='bbox 529 401 604 451; x_wconf 89' lang='lat' dir='ltr'><strong>urbis</strong></span> <span class='ocrx_word' id='word_1_19' title='bbox 617 407 646 451; x_wconf 93' lang='lat' dir='ltr'><strong>et</strong></span> <span class='ocrx_word' id='word_1_20' title='bbox 656 402 757 451; x_wconf 88' lang='lat' dir='ltr'><strong>civium</strong></span> <span class='ocrx_word' id='word_1_21' title='bbox 771 401 881 451; x_wconf 85' lang='lat' dir='ltr'><strong>infinita</strong></span> 
     </span>
     <span class='ocr_line' id='line_1_4' title="bbox 67 464 879 533; baseline 0.005 -18"><span class='ocrx_word' id='word_1_22' title='bbox 67 464 232 532; x_wconf 81' lang='lat' dir='ltr'>frequentia</span> <span class='ocrx_word' id='word_1_23' title='bbox 246 465 463 518; x_wconf 86' lang='lat' dir='ltr'><strong>innumerabiles</strong></span> <span class='ocrx_word' id='word_1_24' title='bbox 480 466 668 519; x_wconf 82' lang='lat' dir='ltr'><strong>habitationes</strong></span> <span class='ocrx_word' id='word_1_25' title='bbox 686 483 755 533; x_wconf 91' lang='lat' dir='ltr'><strong>opus</strong></span> <span class='ocrx_word' id='word_1_26' title='bbox 770 466 824 517; x_wconf 88' lang='lat' dir='ltr'><strong>fuit</strong></span> <span class='ocrx_word' id='word_1_27' title='bbox 834 482 879 519; x_wconf 85' lang='lat' dir='ltr'><strong>ex-</strong></span> 
     </span>
     <span class='ocr_line' id='line_1_5' title="bbox 69 532 881 651; baseline 0.002 -69"><span class='ocrx_word' id='word_1_28' title='bbox 69 532 186 598; x_wconf 87' lang='lat' dir='ltr'><strong>plicare.</strong></span> <span class='ocrx_word' id='word_1_29' title='bbox 223 532 297 598; x_wconf 85' lang='lat' dir='ltr'><strong>Ergo</strong></span> <span class='ocrx_word' id='word_1_30' title='bbox 314 548 375 583; x_wconf 90' lang='lat' dir='ltr'><strong>cum</strong></span> <span class='ocrx_word' id='word_1_31' title='bbox 389 535 515 651; x_wconf 67' lang='lat' dir='ltr'><strong>recipere</strong></span> <span class='ocrx_word' id='word_1_32' title='bbox 531 551 585 587; x_wconf 93' lang='lat' dir='ltr'><strong>non</strong></span> <span class='ocrx_word' id='word_1_33' title='bbox 599 542 698 601; x_wconf 88' lang='lat' dir='ltr'><strong>posset</strong></span> <span class='ocrx_word' id='word_1_34' title='bbox 718 550 784 585; x_wconf 88' lang='lat' dir='ltr'><strong>area</strong></span> <span class='ocrx_word' id='word_1_35' title='bbox 799 535 881 600; x_wconf 89' lang='lat' dir='ltr'><strong>plana</strong></span> 
     </span>
     <span class='ocr_line' id='line_1_6' title="bbox 68 599 880 664; baseline 0 -13"><span class='ocrx_word' id='word_1_36' title='bbox 68 606 177 651; x_wconf 86' lang='lat' dir='ltr'><strong>tantam</strong></span> <span class='ocrx_word' id='word_1_37' title='bbox 191 599 395 650; x_wconf 84' lang='lat' dir='ltr'>multitudinem</span> <span class='ocrx_word' id='word_1_38' title='bbox 407 601 441 650; x_wconf 93' lang='lat' dir='ltr'><strong>ad</strong></span> <span class='ocrx_word' id='word_1_39' title='bbox 472 603 632 653; x_wconf 87' lang='lat' dir='ltr'><strong>abitandum</strong></span> <span class='ocrx_word' id='word_1_40' title='bbox 641 605 671 653; x_wconf 92' lang='lat' dir='ltr'><strong>in</strong></span> <span class='ocrx_word' id='word_1_41' title='bbox 685 603 767 664; x_wconf 91' lang='lat' dir='ltr'><strong>urbe,</strong></span> <span class='ocrx_word' id='word_1_42' title='bbox 784 602 819 652; x_wconf 91' lang='lat' dir='ltr'><strong>ad</strong></span> <span class='ocrx_word' id='word_1_43' title='bbox 834 617 880 652; x_wconf 91' lang='lat' dir='ltr'><strong>au-</strong></span> 
     </span>
     <span class='ocr_line' id='line_1_7' title="bbox 69 666 878 737; baseline 0.002 -19"><span class='ocrx_word' id='word_1_44' title='bbox 69 667 169 718; x_wconf 85' lang='lat' dir='ltr'><strong>xilium</strong></span> <span class='ocrx_word' id='word_1_45' title='bbox 184 666 339 718; x_wconf 85' lang='lat' dir='ltr'><strong>altitudinis</strong></span> <span class='ocrx_word' id='word_1_46' title='bbox 355 669 546 720; x_wconf 85' lang='lat' dir='ltr'><strong>aedificiorum</strong></span> <span class='ocrx_word' id='word_1_47' title='bbox 557 685 602 721; x_wconf 89' lang='lat' dir='ltr'><strong>res</strong></span> <span class='ocrx_word' id='word_1_48' title='bbox 613 672 674 736; x_wconf 93' lang='lat' dir='ltr'><strong>ipsa</strong></span> <span class='ocrx_word' id='word_1_49' title='bbox 689 671 785 737; x_wconf 78' lang='lat' dir='ltr'><strong>coegit</strong></span> <span class='ocrx_word' id='word_1_50' title='bbox 799 670 878 720; x_wconf 59' lang='lat' dir='ltr'><strong>deire-</strong></span> 
     </span>
     <span class='ocr_line' id='line_1_8' title="bbox 69 733 879 802; baseline 0.002 -18"><span class='ocrx_word' id='word_1_51' title='bbox 69 735 140 785; x_wconf 82' lang='lat' dir='ltr'><strong>nire.</strong></span> <span class='ocrx_word' id='word_1_52' title='bbox 177 733 273 801; x_wconf 90' lang='lat' dir='ltr'><strong>ltaque</strong></span> <span class='ocrx_word' id='word_1_53' title='bbox 282 735 346 799; x_wconf 90' lang='lat' dir='ltr'><strong>pilis</strong></span> <span class='ocrx_word' id='word_1_54' title='bbox 357 735 493 800; x_wconf 82' lang='lat' dir='ltr'><strong>lapideis,</strong></span> <span class='ocrx_word' id='word_1_55' title='bbox 510 738 658 789; x_wconf 80' lang='lat' dir='ltr'><strong>structuris</strong></span> <span class='ocrx_word' id='word_1_56' title='bbox 669 738 816 799; x_wconf 82' lang='lat' dir='ltr'><strong>testaceis,</strong></span> <span class='ocrx_word' id='word_1_57' title='bbox 834 752 879 802; x_wconf 93' lang='lat' dir='ltr'><strong>pa-</strong></span> 
     </span>
     <span class='ocr_line' id='line_1_9' title="bbox 69 801 877 857; baseline 0.001 -5"><span class='ocrx_word' id='word_1_58' title='bbox 69 801 190 853; x_wconf 89' lang='lat' dir='ltr'><strong>rietibus</strong></span> <span class='ocrx_word' id='word_1_59' title='bbox 205 803 391 853; x_wconf 76' lang='lat' dir='ltr'><strong>coementitiis</strong></span> <span class='ocrx_word' id='word_1_60' title='bbox 408 803 569 855; x_wconf 88' lang='lat' dir='ltr'><strong>altitudines</strong></span> <span class='ocrx_word' id='word_1_61' title='bbox 588 811 733 857; x_wconf 88' lang='lat' dir='ltr'><strong>extructae</strong></span> <span class='ocrx_word' id='word_1_62' title='bbox 750 812 778 855; x_wconf 94' lang='lat' dir='ltr'><strong>et</strong></span> <span class='ocrx_word' id='word_1_63' title='bbox 793 805 877 855; x_wconf 88' lang='lat' dir='ltr'><strong>conti·</strong></span> 
     </span>
     <span class='ocr_line' id='line_1_10' title="bbox 71 869 879 936; baseline 0.001 -18"><span class='ocrx_word' id='word_1_64' title='bbox 71 869 252 936; x_wconf 78' lang='lat' dir='ltr'><strong>grationibus</strong></span> <span class='ocrx_word' id='word_1_65' title='bbox 268 869 374 920; x_wconf 88' lang='lat' dir='ltr'><strong>crebris</strong></span> <span class='ocrx_word' id='word_1_66' title='bbox 385 878 521 921; x_wconf 81' lang='lat' dir='ltr'><strong>coaxatae</strong></span> <span class='ocrx_word' id='word_1_67' title='bbox 532 873 749 923; x_wconf 87' lang='lat' dir='ltr'><strong>coenaculorum</strong></span> <span class='ocrx_word' id='word_1_68' title='bbox 760 873 795 923; x_wconf 89' lang='lat' dir='ltr'><strong>ad</strong></span> <span class='ocrx_word' id='word_1_69' title='bbox 808 888 879 921; x_wconf 91' lang='lat' dir='ltr'><strong>snm-</strong></span> 
     </span>
     <span class='ocr_line' id='line_1_11' title="bbox 70 936 879 1006; baseline 0.001 -20"><span class='ocrx_word' id='word_1_70' title='bbox 70 951 131 986; x_wconf 90' lang='lat' dir='ltr'><strong>mas</strong></span> <span class='ocrx_word' id='word_1_71' title='bbox 143 936 281 988; x_wconf 84' lang='lat' dir='ltr'><strong>utilitates</strong></span> <span class='ocrx_word' id='word_1_72' title='bbox 292 937 442 1003; x_wconf 89' lang='lat' dir='ltr'><strong>proliciunt</strong></span> <span class='ocrx_word' id='word_1_73' title='bbox 453 939 651 1004; x_wconf 79' lang='lat' dir='ltr'><strong>disparatione.</strong></span> <span class='ocrx_word' id='word_1_74' title='bbox 688 941 763 1006; x_wconf 79' lang='lat' dir='ltr'><strong>Ergo</strong></span> <span class='ocrx_word' id='word_1_75' title='bbox 776 939 879 989; x_wconf 79' lang='lat' dir='ltr'><strong>niceni-</strong></span> 
     </span>
     <span class='ocr_line' id='line_1_12' title="bbox 69 1004 879 1073; baseline 0 -19"><span class='ocrx_word' id='word_1_76' title='bbox 69 1004 123 1054; x_wconf 88' lang='lat' dir='ltr'><strong>bus</strong></span> <span class='ocrx_word' id='word_1_77' title='bbox 140 1017 155 1054; x_wconf 92' lang='lat' dir='ltr'><strong>e</strong></span> <span class='ocrx_word' id='word_1_78' title='bbox 171 1004 428 1070; x_wconf 85' lang='lat' dir='ltr'><strong>contignationibus</strong></span> <span class='ocrx_word' id='word_1_79' title='bbox 444 1006 527 1056; x_wconf 89' lang='lat' dir='ltr'><strong>variis</strong></span> <span class='ocrx_word' id='word_1_80' title='bbox 539 1007 596 1057; x_wconf 89' lang='lat' dir='ltr'><strong>alto</strong></span> <span class='ocrx_word' id='word_1_81' title='bbox 608 1009 698 1073; x_wconf 88' lang='lat' dir='ltr'><strong>spatio</strong></span> <span class='ocrx_word' id='word_1_82' title='bbox 713 1006 879 1070; x_wconf 90' lang='lat' dir='ltr'><strong>multiplica-</strong></span> 
     </span>
     <span class='ocr_line' id='line_1_13' title="bbox 69 1071 879 1139; baseline 0 -18"><span class='ocrx_word' id='word_1_83' title='bbox 69 1072 123 1132; x_wconf 90' lang='lat' dir='ltr'><strong>tis,</strong></span> <span class='ocrx_word' id='word_1_84' title='bbox 139 1071 258 1136; x_wconf 90' lang='lat' dir='ltr'><strong>populus</strong></span> <span class='ocrx_word' id='word_1_85' title='bbox 273 1086 404 1122; x_wconf 88' lang='lat' dir='ltr'><strong>romanus</strong></span> <span class='ocrx_word' id='word_1_86' title='bbox 414 1074 543 1139; x_wconf 82' lang='lat' dir='ltr'><strong>egregias</strong></span> <span class='ocrx_word' id='word_1_87' title='bbox 554 1072 638 1124; x_wconf 91' lang='lat' dir='ltr'><strong>habet</strong></span> <span class='ocrx_word' id='word_1_88' title='bbox 648 1076 708 1124; x_wconf 89' lang='lat' dir='ltr'><strong>sine</strong></span> <span class='ocrx_word' id='word_1_89' title='bbox 722 1073 879 1138; x_wconf 87' lang='lat' dir='ltr'><strong>impeditio-</strong></span> 
     </span>
     <span class='ocr_line' id='line_1_14' title="bbox 70 1135 878 1206; baseline 0 -18"><span class='ocrx_word' id='word_1_90' title='bbox 70 1152 106 1188; x_wconf 92' lang='lat' dir='ltr'><strong>ne</strong></span> <span class='ocrx_word' id='word_1_91' title='bbox 121 1135 317 1190; x_wconf 85' lang='lat' dir='ltr'><strong>habitationes.</strong></span> <span class='ocrx_word' id='word_1_92' title='bbox 355 1140 395 1191; x_wconf 85' lang='grc'><strong>18.</strong></span> <span class='ocrx_word' id='word_1_93' title='bbox 416 1140 554 1201; x_wconf 76' lang='lat' dir='ltr'><strong>Quoniam</strong></span> <span class='ocrx_word' id='word_1_94' title='bbox 569 1156 637 1206; x_wconf 88' lang='lat' dir='ltr'><strong>ergo</strong></span> <span class='ocrx_word' id='word_1_95' title='bbox 654 1141 793 1205; x_wconf 84' lang='lat' dir='ltr'><strong>explicata</strong></span> <span class='ocrx_word' id='word_1_96' title='bbox 805 1141 878 1189; x_wconf 92' lang='lat' dir='ltr'><strong>ratio</strong></span> 
     </span>
     <span class='ocr_line' id='line_1_15' title="bbox 70 1206 878 1273; baseline 0 -17"><span class='ocrx_word' id='word_1_97' title='bbox 70 1210 130 1268; x_wconf 87' lang='lat' dir='ltr'><strong>est,</strong></span> <span class='ocrx_word' id='word_1_98' title='bbox 147 1206 213 1272; x_wconf 90' lang='lat' dir='ltr'><strong>quid</strong></span> <span class='ocrx_word' id='word_1_99' title='bbox 227 1206 267 1256; x_wconf 91' lang='lat' dir='ltr'><strong>ita</strong></span> <span class='ocrx_word' id='word_1_100' title='bbox 281 1207 310 1256; x_wconf 93' lang='lat' dir='ltr'><strong>in</strong></span> <span class='ocrx_word' id='word_1_101' title='bbox 325 1207 392 1258; x_wconf 84' lang='lat' dir='ltr'><strong>urbe</strong></span> <span class='ocrx_word' id='word_1_102' title='bbox 404 1214 517 1273; x_wconf 88' lang='lat' dir='ltr'><strong>propter</strong></span> <span class='ocrx_word' id='word_1_103' title='bbox 527 1208 725 1258; x_wconf 88' lang='lat' dir='ltr'><strong>necessitatem</strong></span> <span class='ocrx_word' id='word_1_104' title='bbox 739 1207 878 1273; x_wconf 86' lang='lat' dir='ltr'><strong>angustia-</strong></span> 
     </span>
     <span class='ocr_line' id='line_1_16' title="bbox 69 1273 879 1341; baseline 0.004 -19"><span class='ocrx_word' id='word_1_105' title='bbox 69 1288 132 1323; x_wconf 85' lang='lat' dir='ltr'><strong>rum</strong></span> <span class='ocrx_word' id='word_1_106' title='bbox 146 1287 200 1323; x_wconf 90' lang='lat' dir='ltr'><strong>non</strong></span> <span class='ocrx_word' id='word_1_107' title='bbox 216 1273 357 1339; x_wconf 90' lang='lat' dir='ltr'><strong>patiantur</strong></span> <span class='ocrx_word' id='word_1_108' title='bbox 373 1290 436 1325; x_wconf 89' lang='lat' dir='ltr'><strong>esse</strong></span> <span class='ocrx_word' id='word_1_109' title='bbox 447 1275 586 1326; x_wconf 88' lang='lat' dir='ltr'><strong>lateritios</strong></span> <span class='ocrx_word' id='word_1_110' title='bbox 596 1276 734 1341; x_wconf 87' lang='lat' dir='ltr'><strong>parietes,</strong></span> <span class='ocrx_word' id='word_1_111' title='bbox 755 1290 817 1325; x_wconf 92' lang='lat' dir='ltr'><strong>cum</strong></span> <span class='ocrx_word' id='word_1_112' title='bbox 833 1288 879 1325; x_wconf 80' lang='lat' dir='ltr'><strong>ex-</strong></span> 
     </span>
     <span class='ocr_line' id='line_1_17' title="bbox 68 1340 879 1406; baseline -0.001 -15"><span class='ocrx_word' id='word_1_113' title='bbox 68 1346 115 1391; x_wconf 87' lang='lat' dir='ltr'><strong>tra</strong></span> <span class='ocrx_word' id='word_1_114' title='bbox 123 1340 220 1391; x_wconf 89' lang='lat' dir='ltr'><strong>urbem</strong></span> <span class='ocrx_word' id='word_1_115' title='bbox 232 1356 300 1406; x_wconf 88' lang='lat' dir='ltr'><strong>opus</strong></span> <span class='ocrx_word' id='word_1_116' title='bbox 312 1343 367 1392; x_wconf 87' lang='lat' dir='ltr'><strong>erit</strong></span> <span class='ocrx_word' id='word_1_117' title='bbox 376 1341 419 1394; x_wconf 92' lang='lat' dir='ltr'><strong>his</strong></span> <span class='ocrx_word' id='word_1_118' title='bbox 431 1344 486 1404; x_wconf 94' lang='lat' dir='ltr'><strong>uti,</strong></span> <span class='ocrx_word' id='word_1_119' title='bbox 502 1343 562 1393; x_wconf 91' lang='lat' dir='ltr'><strong>sine</strong></span> <span class='ocrx_word' id='word_1_120' title='bbox 573 1343 649 1394; x_wconf 83' lang='lat' dir='ltr'><strong>vitiis</strong></span> <span class='ocrx_word' id='word_1_121' title='bbox 663 1344 698 1393; x_wconf 85' lang='lat' dir='ltr'><strong>ad</strong></span> <span class='ocrx_word' id='word_1_122' title='bbox 712 1348 879 1393; x_wconf 86' lang='lat' dir='ltr'><strong>vetustatem</strong></span> 
     </span>
     <span class='ocr_line' id='line_1_18' title="bbox 70 1408 879 1478; baseline 0.002 -20"><span class='ocrx_word' id='word_1_123' title='bbox 70 1409 113 1459; x_wconf 90' lang='lat' dir='ltr'><strong>sic</strong></span> <span class='ocrx_word' id='word_1_124' title='bbox 124 1408 179 1459; x_wconf 89' lang='lat' dir='ltr'><strong>erit</strong></span> <span class='ocrx_word' id='word_1_125' title='bbox 188 1408 355 1460; x_wconf 84' lang='lat' dir='ltr'><strong>iaciendum.</strong></span> <span class='ocrx_word' id='word_1_126' title='bbox 393 1409 511 1462; x_wconf 87' lang='lat' dir='ltr'><strong>Summis</strong></span> <span class='ocrx_word' id='word_1_127' title='bbox 522 1411 676 1478; x_wconf 90' lang='lat' dir='ltr'><strong>parietibus</strong></span> <span class='ocrx_word' id='word_1_128' title='bbox 688 1417 830 1461; x_wconf 89' lang='lat' dir='ltr'><strong>structura</strong></span> <span class='ocrx_word' id='word_1_129' title='bbox 839 1416 879 1460; x_wconf 93' lang='lat' dir='ltr'><strong>te-</strong></span> 
     </span>
     <span class='ocr_line' id='line_1_19' title="bbox 70 1476 878 1542; baseline 0 -16"><span class='ocrx_word' id='word_1_130' title='bbox 70 1481 168 1526; x_wconf 82' lang='lat' dir='ltr'><strong>stacea</strong></span> <span class='ocrx_word' id='word_1_131' title='bbox 184 1476 235 1527; x_wconf 90' lang='lat' dir='ltr'><strong>sub</strong></span> <span class='ocrx_word' id='word_1_132' title='bbox 249 1477 347 1542; x_wconf 81' lang='lat' dir='ltr'><strong>tegula</strong></span> <span class='ocrx_word' id='word_1_133' title='bbox 361 1478 526 1529; x_wconf 89' lang='lat' dir='ltr'><strong>subiiciatur</strong></span> <span class='ocrx_word' id='word_1_134' title='bbox 536 1479 682 1530; x_wconf 85' lang='lat' dir='ltr'><strong>altitudine</strong></span> <span class='ocrx_word' id='word_1_135' title='bbox 693 1479 806 1530; x_wconf 85' lang='lat' dir='ltr'><strong>circiter</strong></span> <span class='ocrx_word' id='word_1_136' title='bbox 821 1492 878 1527; x_wconf 88' lang='lat' dir='ltr'><strong>ses·</strong></span> 
     </span>
     <span class='ocr_line' id='line_1_20' title="bbox 70 1542 879 1611; baseline 0.001 -18"><span class='ocrx_word' id='word_1_137' title='bbox 70 1542 227 1610; x_wconf 83' lang='lat' dir='ltr'><strong>quipedali.</strong></span> <span class='ocrx_word' id='word_1_138' title='bbox 238 1542 395 1610; x_wconf 85' lang='lat' dir='ltr'><strong>habeatque</strong></span> <span class='ocrx_word' id='word_1_139' title='bbox 405 1547 580 1611; x_wconf 90' lang='lat' dir='ltr'><strong>proiecturas</strong></span> <span class='ocrx_word' id='word_1_140' title='bbox 591 1562 771 1597; x_wconf 88' lang='lat' dir='ltr'><strong>coronarum:</strong></span> <span class='ocrx_word' id='word_1_141' title='bbox 790 1546 831 1596; x_wconf 88' lang='lat' dir='ltr'><strong>ita</strong></span> <span class='ocrx_word' id='word_1_142' title='bbox 840 1545 879 1595; x_wconf 84' lang='lat' dir='ltr'><strong>vi·</strong></span> 
     </span>
     <span class='ocr_line' id='line_1_21' title="bbox 70 1610 879 1678; baseline 0.001 -16"><span class='ocrx_word' id='word_1_143' title='bbox 70 1610 125 1662; x_wconf 85' lang='lat' dir='ltr'><strong>tari</strong></span> <span class='ocrx_word' id='word_1_144' title='bbox 134 1616 267 1677; x_wconf 88' lang='lat' dir='ltr'><strong>poterunt</strong></span> <span class='ocrx_word' id='word_1_145' title='bbox 278 1627 348 1678; x_wconf 90' lang='lat' dir='ltr'><strong>quae</strong></span> <span class='ocrx_word' id='word_1_146' title='bbox 357 1613 450 1663; x_wconf 91' lang='lat' dir='ltr'><strong>solent</strong></span> <span class='ocrx_word' id='word_1_147' title='bbox 458 1614 487 1663; x_wconf 88' lang='lat' dir='ltr'><strong>in</strong></span> <span class='ocrx_word' id='word_1_148' title='bbox 498 1613 541 1664; x_wconf 92' lang='lat' dir='ltr'><strong>his</strong></span> <span class='ocrx_word' id='word_1_149' title='bbox 553 1615 615 1665; x_wconf 89' lang='lat' dir='ltr'><strong>lieri</strong></span> <span class='ocrx_word' id='word_1_150' title='bbox 625 1615 701 1665; x_wconf 88' lang='lat' dir='ltr'><strong>vitia.</strong></span> <span class='ocrx_word' id='word_1_151' title='bbox 730 1615 797 1664; x_wconf 85' lang='lat' dir='ltr'><strong>Cum</strong></span> <span class='ocrx_word' id='word_1_152' title='bbox 806 1613 879 1663; x_wconf 87' lang='lat' dir='ltr'><strong>enim</strong></span> 
     </span>
     <span class='ocr_line' id='line_1_22' title="bbox 71 1679 878 1745; baseline 0.001 -17"><span class='ocrx_word' id='word_1_153' title='bbox 71 1679 99 1728; x_wconf 87' lang='lat' dir='ltr'><strong>in</strong></span> <span class='ocrx_word' id='word_1_154' title='bbox 109 1684 187 1728; x_wconf 89' lang='lat' dir='ltr'><strong>tecto</strong></span> <span class='ocrx_word' id='word_1_155' title='bbox 199 1679 311 1745; x_wconf 87' lang='lat' dir='ltr'><strong>tegulae</strong></span> <span class='ocrx_word' id='word_1_156' title='bbox 322 1679 427 1731; x_wconf 86' lang='lat' dir='ltr'><strong>fuerint</strong></span> <span class='ocrx_word' id='word_1_157' title='bbox 437 1680 543 1733; x_wconf 86' lang='lat' dir='ltr'><strong>fractae</strong></span> <span class='ocrx_word' id='word_1_158' title='bbox 555 1689 603 1733; x_wconf 89' lang='lat' dir='ltr'><strong>aut</strong></span> <span class='ocrx_word' id='word_1_159' title='bbox 613 1698 629 1732; x_wconf 90' lang='lat' dir='ltr'><strong>a</strong></span> <span class='ocrx_word' id='word_1_160' title='bbox 639 1682 729 1732; x_wconf 88' lang='lat' dir='ltr'><strong>ventis</strong></span> <span class='ocrx_word' id='word_1_161' title='bbox 741 1681 878 1741; x_wconf 87' lang='lat' dir='ltr'><strong>deiectae,</strong></span> 
     </span>
     <span class='ocr_line' id='line_1_23' title="bbox 70 1747 879 1815; baseline 0 -19"><span class='ocrx_word' id='word_1_162' title='bbox 70 1761 126 1812; x_wconf 90' lang='lat' dir='ltr'><strong>qua</strong></span> <span class='ocrx_word' id='word_1_163' title='bbox 135 1747 227 1810; x_wconf 90' lang='lat' dir='ltr'><strong>possit</strong></span> <span class='ocrx_word' id='word_1_164' title='bbox 237 1761 272 1797; x_wconf 86' lang='lat' dir='ltr'><strong>ex</strong></span> <span class='ocrx_word' id='word_1_165' title='bbox 282 1747 415 1798; x_wconf 85' lang='lat' dir='ltr'><strong>imbribus</strong></span> <span class='ocrx_word' id='word_1_166' title='bbox 427 1764 498 1814; x_wconf 87' lang='lat' dir='ltr'><strong>aqua</strong></span> <span class='ocrx_word' id='word_1_167' title='bbox 508 1750 669 1815; x_wconf 85' lang='lat' dir='ltr'><strong>perpluere,</strong></span> <span class='ocrx_word' id='word_1_168' title='bbox 685 1764 740 1799; x_wconf 91' lang='lat' dir='ltr'><strong>non</strong></span> <span class='ocrx_word' id='word_1_169' title='bbox 756 1748 879 1814; x_wconf 90' lang='lat' dir='ltr'><strong>patietur</strong></span> 
     </span>
     <span class='ocr_line' id='line_1_24' title="bbox 70 1814 878 1883; baseline -0.002 -19"><span class='ocrx_word' id='word_1_170' title='bbox 70 1814 160 1864; x_wconf 87' lang='lat' dir='ltr'><strong>lorica</strong></span> <span class='ocrx_word' id='word_1_171' title='bbox 177 1820 303 1864; x_wconf 90' lang='lat' dir='ltr'><strong>testacea</strong></span> <span class='ocrx_word' id='word_1_172' title='bbox 313 1815 388 1865; x_wconf 90' lang='lat' dir='ltr'><strong>laedi</strong></span> <span class='ocrx_word' id='word_1_173' title='bbox 398 1815 577 1880; x_wconf 86' lang='lat' dir='ltr'><strong>laterem‚sed</strong></span> <span class='ocrx_word' id='word_1_174' title='bbox 587 1818 748 1883; x_wconf 89' lang='lat' dir='ltr'><strong>proiectura</strong></span> <span class='ocrx_word' id='word_1_175' title='bbox 763 1830 878 1867; x_wconf 91' lang='lat' dir='ltr'><strong>corona-</strong></span> 
     </span>
     <span class='ocr_line' id='line_1_25' title="bbox 71 1881 878 1948; baseline -0.001 -17"><span class='ocrx_word' id='word_1_176' title='bbox 71 1897 131 1932; x_wconf 91' lang='lat' dir='ltr'><strong>rum</strong></span> <span class='ocrx_word' id='word_1_177' title='bbox 141 1881 253 1932; x_wconf 84' lang='lat' dir='ltr'><strong>reiiciet</strong></span> <span class='ocrx_word' id='word_1_178' title='bbox 262 1888 342 1933; x_wconf 86' lang='lat' dir='ltr'><strong>extra</strong></span> <span class='ocrx_word' id='word_1_179' title='bbox 351 1885 579 1948; x_wconf 89' lang='lat' dir='ltr'><strong>perpendiculum</strong></span> <span class='ocrx_word' id='word_1_180' title='bbox 589 1885 694 1945; x_wconf 88' lang='lat' dir='ltr'><strong>stillas,</strong></span> <span class='ocrx_word' id='word_1_181' title='bbox 711 1890 740 1933; x_wconf 92' lang='lat' dir='ltr'><strong>et</strong></span> <span class='ocrx_word' id='word_1_182' title='bbox 750 1898 784 1933; x_wconf 90' lang='lat' dir='ltr'><strong>ea</strong></span> <span class='ocrx_word' id='word_1_183' title='bbox 793 1883 878 1931; x_wconf 89' lang='lat' dir='ltr'><strong>ratio-</strong></span> 
     </span>
     <span class='ocr_line' id='line_1_26' title="bbox 71 1949 878 2018; baseline -0.002 -19"><span class='ocrx_word' id='word_1_184' title='bbox 71 1965 105 1999; x_wconf 91' lang='lat' dir='ltr'><strong>ne</strong></span> <span class='ocrx_word' id='word_1_185' title='bbox 123 1949 247 1999; x_wconf 88' lang='lat' dir='ltr'><strong>servabit</strong></span> <span class='ocrx_word' id='word_1_186' title='bbox 261 1951 386 2017; x_wconf 86' lang='lat' dir='ltr'><strong>integras</strong></span> <span class='ocrx_word' id='word_1_187' title='bbox 401 1951 586 2002; x_wconf 88' lang='lat' dir='ltr'><strong>lateritiorum</strong></span> <span class='ocrx_word' id='word_1_188' title='bbox 607 1953 744 2018; x_wconf 90' lang='lat' dir='ltr'><strong>parietum</strong></span> <span class='ocrx_word' id='word_1_189' title='bbox 759 1954 878 1999; x_wconf 90' lang='lat' dir='ltr'><strong>structu-</strong></span> 
     </span>
     <span class='ocr_line' id='line_1_27' title="bbox 70 2015 879 2084; baseline -0.001 -18"><span class='ocrx_word' id='word_1_190' title='bbox 70 2032 126 2067; x_wconf 89' lang='lat' dir='ltr'><strong>ras.</strong></span> <span class='ocrx_word' id='word_1_191' title='bbox 164 2015 204 2066; x_wconf 76' lang='lat' dir='ltr'><strong>le.</strong></span> <span class='ocrx_word' id='word_1_192' title='bbox 224 2016 266 2068; x_wconf 89' lang='lat' dir='ltr'><strong>De</strong></span> <span class='ocrx_word' id='word_1_193' title='bbox 277 2018 338 2080; x_wconf 89' lang='lat' dir='ltr'><strong>ipsa</strong></span> <span class='ocrx_word' id='word_1_194' title='bbox 348 2024 529 2080; x_wconf 85' lang='lat' dir='ltr'><strong>autemtesta,</strong></span> <span class='ocrx_word' id='word_1_195' title='bbox 540 2020 563 2069; x_wconf 92' lang='lat' dir='ltr'><strong>si</strong></span> <span class='ocrx_word' id='word_1_196' title='bbox 575 2020 612 2070; x_wconf 92' lang='lat' dir='ltr'><strong>sit</strong></span> <span class='ocrx_word' id='word_1_197' title='bbox 622 2019 727 2084; x_wconf 89' lang='lat' dir='ltr'><strong>optima</strong></span> <span class='ocrx_word' id='word_1_198' title='bbox 737 2032 787 2067; x_wconf 94' lang='lat' dir='ltr'><strong>seu</strong></span> <span class='ocrx_word' id='word_1_199' title='bbox 797 2015 879 2065; x_wconf 88' lang='lat' dir='ltr'><strong>vitio·</strong></span> 
     </span>
     <span class='ocr_line' id='line_1_28' title="bbox 71 2082 879 2152; baseline -0.005 -17"><span class='ocrx_word' id='word_1_200' title='bbox 71 2100 104 2135; x_wconf 91' lang='lat' dir='ltr'><strong>sa</strong></span> <span class='ocrx_word' id='word_1_201' title='bbox 114 2084 149 2134; x_wconf 88' lang='lat' dir='ltr'><strong>ad</strong></span> <span class='ocrx_word' id='word_1_202' title='bbox 160 2091 341 2147; x_wconf 88' lang='lat' dir='ltr'><strong>structuram,</strong></span> <span class='ocrx_word' id='word_1_203' title='bbox 354 2087 448 2136; x_wconf 90' lang='lat' dir='ltr'><strong>statim</strong></span> <span class='ocrx_word' id='word_1_204' title='bbox 458 2102 538 2136; x_wconf 91' lang='lat' dir='ltr'><strong>nemo</strong></span> <span class='ocrx_word' id='word_1_205' title='bbox 550 2091 645 2152; x_wconf 89' lang='lat' dir='ltr'><strong>potest</strong></span> <span class='ocrx_word' id='word_1_206' title='bbox 655 2084 793 2145; x_wconf 87' lang='lat' dir='ltr'><strong>iudicare,</strong></span> <span class='ocrx_word' id='word_1_207' title='bbox 805 2082 879 2148; x_wconf 93' lang='lat' dir='ltr'><strong>quod</strong></span> 
     </span>
     <span class='ocr_line' id='line_1_29' title="bbox 70 2151 879 2218; baseline -0.002 -17"><span class='ocrx_word' id='word_1_208' title='bbox 70 2153 100 2202; x_wconf 91' lang='lat' dir='ltr'><strong>iu</strong></span> <span class='ocrx_word' id='word_1_209' title='bbox 110 2153 323 2218; x_wconf 88' lang='lat' dir='ltr'><strong>tempestatibus</strong></span> <span class='ocrx_word' id='word_1_210' title='bbox 335 2159 363 2204; x_wconf 93' lang='lat' dir='ltr'><strong>et</strong></span> <span class='ocrx_word' id='word_1_211' title='bbox 376 2159 492 2214; x_wconf 87' lang='lat' dir='ltr'><strong>aestate,</strong></span> <span class='ocrx_word' id='word_1_212' title='bbox 504 2155 619 2204; x_wconf 92' lang='lat' dir='ltr'><strong>intecto</strong></span> <span class='ocrx_word' id='word_1_213' title='bbox 631 2169 692 2204; x_wconf 92' lang='lat' dir='ltr'><strong>cum</strong></span> <span class='ocrx_word' id='word_1_214' title='bbox 704 2158 748 2202; x_wconf 91' lang='lat' dir='ltr'><strong>est</strong></span> <span class='ocrx_word' id='word_1_215' title='bbox 758 2151 879 2202; x_wconf 89' lang='lat' dir='ltr'><strong>colloca-</strong></span> 
     </span>
     <span class='ocr_line' id='line_1_30' title="bbox 71 2218 881 2286; baseline -0.004 -17"><span class='ocrx_word' id='word_1_216' title='bbox 71 2226 109 2282; x_wconf 90' lang='lat' dir='ltr'><strong>ta,</strong></span> <span class='ocrx_word' id='word_1_217' title='bbox 121 2225 188 2270; x_wconf 92' lang='lat' dir='ltr'><strong>tunc</strong></span> <span class='ocrx_word' id='word_1_218' title='bbox 199 2220 222 2269; x_wconf 90' lang='lat' dir='ltr'><strong>si</strong></span> <span class='ocrx_word' id='word_1_219' title='bbox 235 2221 313 2271; x_wconf 86' lang='lat' dir='ltr'><strong>firma</strong></span> <span class='ocrx_word' id='word_1_220' title='bbox 324 2227 375 2283; x_wconf 90' lang='lat' dir='ltr'><strong>est,</strong></span> <span class='ocrx_word' id='word_1_221' title='bbox 387 2221 528 2286; x_wconf 88' lang='lat' dir='ltr'><strong>probatur.</strong></span> <span class='ocrx_word' id='word_1_222' title='bbox 565 2220 634 2271; x_wconf 88' lang='lat' dir='ltr'><strong>Nam</strong></span> <span class='ocrx_word' id='word_1_223' title='bbox 647 2236 717 2286; x_wconf 91' lang='lat' dir='ltr'><strong>quae</strong></span> <span class='ocrx_word' id='word_1_224' title='bbox 729 2235 783 2270; x_wconf 90' lang='lat' dir='ltr'><strong>non</strong></span> <span class='ocrx_word' id='word_1_225' title='bbox 794 2218 881 2269; x_wconf 84' lang='lat' dir='ltr'><strong>fuerit</strong></span> 
     </span>
     <span class='ocr_line' id='line_1_31' title="bbox 72 2286 881 2354; baseline -0.005 -16"><span class='ocrx_word' id='word_1_226' title='bbox 72 2302 107 2338; x_wconf 84' lang='lat' dir='ltr'><strong>ex</strong></span> <span class='ocrx_word' id='word_1_227' title='bbox 122 2294 201 2338; x_wconf 84' lang='lat' dir='ltr'><strong>creta</strong></span> <span class='ocrx_word' id='word_1_228' title='bbox 215 2287 290 2337; x_wconf 90' lang='lat' dir='ltr'><strong>bona</strong></span> <span class='ocrx_word' id='word_1_229' title='bbox 305 2296 353 2339; x_wconf 89' lang='lat' dir='ltr'><strong>aut</strong></span> <span class='ocrx_word' id='word_1_230' title='bbox 368 2304 463 2354; x_wconf 90' lang='lat' dir='ltr'><strong>parum</strong></span> <span class='ocrx_word' id='word_1_231' title='bbox 475 2290 529 2339; x_wconf 89' lang='lat' dir='ltr'><strong>erit</strong></span> <span class='ocrx_word' id='word_1_232' title='bbox 539 2296 634 2351; x_wconf 92' lang='lat' dir='ltr'><strong>cocta,</strong></span> <span class='ocrx_word' id='word_1_233' title='bbox 652 2289 691 2338; x_wconf 93' lang='lat' dir='ltr'><strong>ibi</strong></span> <span class='ocrx_word' id='word_1_234' title='bbox 702 2303 732 2338; x_wconf 89' lang='lat' dir='ltr'><strong>se</strong></span> <span class='ocrx_word' id='word_1_235' title='bbox 750 2286 881 2337; x_wconf 92' lang='lat' dir='ltr'><strong>ostendet</strong></span> 
     </span>
     <span class='ocr_line' id='line_1_32' title="bbox 71 2354 880 2422; baseline -0.005 -17"><span class='ocrx_word' id='word_1_236' title='bbox 71 2369 134 2406; x_wconf 90' lang='lat' dir='ltr'><strong>esse</strong></span> <span class='ocrx_word' id='word_1_237' title='bbox 150 2354 280 2405; x_wconf 76' lang='lat' dir='ltr'><strong>vitiosam</strong></span> <span class='ocrx_word' id='word_1_238' title='bbox 295 2356 435 2422; x_wconf 85' lang='lat' dir='ltr'><strong>gelicidiis</strong></span> <span class='ocrx_word' id='word_1_239' title='bbox 448 2363 476 2406; x_wconf 93' lang='lat' dir='ltr'><strong>et</strong></span> <span class='ocrx_word' id='word_1_240' title='bbox 486 2357 584 2420; x_wconf 90' lang='lat' dir='ltr'><strong>pruina</strong></span> <span class='ocrx_word' id='word_1_241' title='bbox 597 2363 681 2406; x_wconf 91' lang='lat' dir='ltr'><strong>tacta.</strong></span> <span class='ocrx_word' id='word_1_242' title='bbox 716 2356 792 2421; x_wconf 85' lang='lat' dir='ltr'><strong>Ergo</strong></span> <span class='ocrx_word' id='word_1_243' title='bbox 809 2368 880 2419; x_wconf 88' lang='lat' dir='ltr'><strong>quae</strong></span> 
     </span>
     <span class='ocr_line' id='line_1_33' title="bbox 71 2420 881 2489; baseline -0.005 -17"><span class='ocrx_word' id='word_1_244' title='bbox 71 2437 127 2473; x_wconf 92' lang='lat' dir='ltr'><strong>non</strong></span> <span class='ocrx_word' id='word_1_245' title='bbox 140 2423 170 2472; x_wconf 87' lang='lat' dir='ltr'><strong>in</strong></span> <span class='ocrx_word' id='word_1_246' title='bbox 184 2423 268 2473; x_wconf 90' lang='lat' dir='ltr'><strong>tectis</strong></span> <span class='ocrx_word' id='word_1_247' title='bbox 284 2425 389 2489; x_wconf 89' lang='lat' dir='ltr'><strong>poterit</strong></span> <span class='ocrx_word' id='word_1_248' title='bbox 407 2425 465 2488; x_wconf 88' lang='lat' dir='ltr'><strong>pati</strong></span> <span class='ocrx_word' id='word_1_249' title='bbox 476 2424 614 2485; x_wconf 88' lang='lat' dir='ltr'><strong>laborem,</strong></span> <span class='ocrx_word' id='word_1_250' title='bbox 632 2440 665 2474; x_wconf 90' lang='lat' dir='ltr'><strong>ea</strong></span> <span class='ocrx_word' id='word_1_251' title='bbox 676 2438 730 2472; x_wconf 87' lang='lat' dir='ltr'><strong>non</strong></span> <span class='ocrx_word' id='word_1_252' title='bbox 745 2426 839 2488; x_wconf 90' lang='lat' dir='ltr'><strong>potest</strong></span> <span class='ocrx_word' id='word_1_253' title='bbox 852 2420 881 2468; x_wconf 90' lang='lat' dir='ltr'><strong>in</strong></span> 
     </span>
     <span class='ocr_line' id='line_1_34' title="bbox 71 2488 880 2552; baseline -0.006 -12"><span class='ocrx_word' id='word_1_254' title='bbox 71 2496 213 2541; x_wconf 90' lang='lat' dir='ltr'><strong>structura</strong></span> <span class='ocrx_word' id='word_1_255' title='bbox 227 2493 305 2541; x_wconf 89' lang='lat' dir='ltr'><strong>oncri</strong></span> <span class='ocrx_word' id='word_1_256' title='bbox 321 2491 438 2542; x_wconf 84' lang='lat' dir='ltr'><strong>ferendo</strong></span> <span class='ocrx_word' id='word_1_257' title='bbox 452 2507 515 2542; x_wconf 88' lang='lat' dir='ltr'><strong>esse</strong></span> <span class='ocrx_word' id='word_1_258' title='bbox 530 2492 616 2541; x_wconf 87' lang='lat' dir='ltr'><strong>firma.</strong></span> <span class='ocrx_word' id='word_1_259' title='bbox 654 2491 746 2552; x_wconf 79' lang='lat' dir='ltr'><strong>Quare</strong></span> <span class='ocrx_word' id='word_1_260' title='bbox 761 2488 880 2538; x_wconf 85' lang='lat' dir='ltr'><strong>maxime</strong></span> 
     </span>
     <span class='ocr_line' id='line_1_35' title="bbox 72 2556 885 2626; baseline -0.006 -18"><span class='ocrx_word' id='word_1_261' title='bbox 72 2572 107 2609; x_wconf 81' lang='lat' dir='ltr'><strong>ex</strong></span> <span class='ocrx_word' id='word_1_262' title='bbox 122 2557 264 2609; x_wconf 87' lang='lat' dir='ltr'><strong>veteribus</strong></span> <span class='ocrx_word' id='word_1_263' title='bbox 280 2560 383 2626; x_wconf 87' lang='lat' dir='ltr'><strong>tegulis</strong></span> <span class='ocrx_word' id='word_1_264' title='bbox 394 2561 462 2609; x_wconf 90' lang='lat' dir='ltr'><strong>tecti</strong></span> <span class='ocrx_word' id='word_1_265' title='bbox 473 2560 571 2610; x_wconf 90' lang='lat' dir='ltr'><strong>structi</strong></span> <span class='ocrx_word' id='word_1_266' title='bbox 583 2559 705 2626; x_wconf 89' lang='lat' dir='ltr'><strong>parietes</strong></span> <span class='ocrx_word' id='word_1_267' title='bbox 724 2556 885 2606; x_wconf 85' lang='lat' dir='ltr'><strong>firmitatem</strong></span> 
     </span>
     <span class='ocr_line' id='line_1_36' title="bbox 69 2624 902 2697; baseline -0.001 -24"><span class='ocrx_word' id='word_1_268' title='bbox 69 2631 205 2690; x_wconf 81' lang='lat' dir='ltr'><strong>poterunt</strong></span> <span class='ocrx_word' id='word_1_269' title='bbox 218 2624 330 2678; x_wconf 83' lang='lat' dir='ltr'><strong>habere.</strong></span> <span class='ocrx_word' id='word_1_270' title='bbox 360 2629 402 2680; x_wconf 81' lang='lat'><strong>20.</strong></span> <span class='ocrx_word' id='word_1_271' title='bbox 422 2628 535 2684; x_wconf 85' lang='lat' dir='ltr'><strong>Cratitii</strong></span> <span class='ocrx_word' id='word_1_272' title='bbox 551 2645 621 2685; x_wconf 75' lang='lat' dir='ltr'><strong>vero</strong></span> <span class='ocrx_word' id='word_1_273' title='bbox 638 2625 902 2697; x_wconf 64' lang='lat' dir='ltr'><strong>relinisuidemue</strong></span> 
     </span>
    </p>
   </div>
   <div class='ocr_carea' id='block_1_3' title="bbox 45 2691 939 2839">
    <p class='ocr_par' dir='ltr' id='par_1_3' title="bbox 45 2691 939 2839">
     <span class='ocr_line' id='line_1_37' title="bbox 58 2691 920 2760; baseline 0.012 -25"><span class='ocrx_word' id='word_1_274' title='bbox 58 2691 167 2738; x_wconf 67' lang='lat' dir='ltr'><strong>tarenti</strong></span> <span class='ocrx_word' id='word_1_275' title='bbox 178 2699 280 2744; x_wconf 84' lang='lat' dir='ltr'><strong>essent.</strong></span> <span class='ocrx_word' id='word_1_276' title='bbox 322 2696 468 2758; x_wconf 75' lang='lat' dir='ltr'><strong>Quantum</strong></span> <span class='ocrx_word' id='word_1_277' title='bbox 487 2705 566 2760; x_wconf 90' lang='lat' dir='ltr'><strong>enim</strong></span> <span class='ocrx_word' id='word_1_278' title='bbox 579 2704 741 2760; x_wconf 82' lang='lat' dir='ltr'><strong>celeritate</strong></span> <span class='ocrx_word' id='word_1_279' title='bbox 753 2693 920 2753; x_wconf 65' lang='lat' dir='ltr'><strong>estodia-</strong></span> 
     </span>
     <span class='ocr_line' id='line_1_38' title="bbox 45 2760 939 2839; baseline 0.011 -23"><span class='ocrx_word' id='word_1_280' title='bbox 45 2760 176 2802; x_wconf 74' lang='lat' dir='ltr'><strong>ramento</strong></span> <span class='ocrx_word' id='word_1_281' title='bbox 185 2771 323 2828; x_wconf 60' lang='lat' dir='ltr'><strong>imunt,</strong></span> <span class='ocrx_word' id='word_1_282' title='bbox 344 2775 430 2828; x_wconf 86' lang='lat' dir='ltr'><strong>tanto</strong></span> <span class='ocrx_word' id='word_1_283' title='bbox 452 2779 564 2839; x_wconf 87' lang='lat' dir='ltr'><strong>maiori</strong></span> <span class='ocrx_word' id='word_1_284' title='bbox 577 2787 613 2839; x_wconf 90' lang='lat' dir='ltr'><strong>et</strong></span> <span class='ocrx_word' id='word_1_285' title='bbox 624 2773 786 2839; x_wconf 81' lang='lat' dir='ltr'><strong>communi</strong></span> <span class='ocrx_word' id='word_1_286' title='bbox 798 2770 876 2826; x_wconf 64' lang='lat' dir='ltr'><strong>sunt</strong></span> <span class='ocrx_word' id='word_1_287' title='bbox 885 2773 939 2814; x_wconf 51' lang='lat'><strong>22·</strong></span> 
     </span>
    </p>
   </div>
   <div class='ocr_carea' id='block_1_4' title="bbox 0 0 1035 3090">
    <p class='ocr_par' dir='ltr' id='par_1_4' title="bbox 0 0 1035 3090">
     <span class='ocr_line' id='line_1_39' title="bbox 0 0 1035 3090; baseline 0 0"><span class='ocrx_word' id='word_1_288' title='bbox 0 0 1035 3090; x_wconf 95' lang='lat' dir='ltr'><strong> </strong></span> 
     </span>
    </p>
   </div>
  </div>
 </body>
</html>
