2054 3090
277 200 406 252 'LIBER
423 201 458 253 X.
484 200 568 254 cnP.
590 201 640 253 111.
661 206 664 214 ’
812 203 860 251 221

59 315 120 352 rem
134 299 189 352 vim
202 303 334 367 ponderis
346 308 484 355 momento
496 302 636 354 deducens
647 300 862 354 sineuebemen-

10 409 13 415 .
57 369 99 419 tia
107 368 230 419 molliter
240 369 274 420 ab
283 371 339 421 imo
350 385 458 422 sursum
467 385 576 421 versum
586 370 684 437 egredi
693 371 770 437 cogit
776 369 864 436 [futu-

40 440 41 443 ’
57 434 141 503 rum]
160 435 185 488 5.
197 437 433 498 Quemadmodum
441 439 524 489 etiam
536 439 613 488 navis
624 439 768 488 onerariae
777 438 862 487 maxi-

58 517 121 554 mae
136 503 307 571 gubernator
321 521 416 556 ansam
429 505 610 573 gubernaculi
622 512 733 568 tenens,
748 506 793 572 qui
805 506 860 558 οἴαξ

59 586 76 622 a
92 570 208 622 Graecis
227 573 395 642 appellatur,
408 589 566 635 naumann,
581 580 720 624 momento
735 587 785 638 per
799 587 861 622 cen-

58 644 132 689 trum
142 639 333 704 pressionibus
349 638 407 707 [ex]
422 641 531 691 ratione
543 642 611 691 artis
627 641 749 708 agitans,
769 646 862 689 versat

59 720 122 756 eam
138 705 314 772 amplissimis
329 715 357 758 et
370 707 534 758 immanibus
548 709 648 758 mercis
660 714 688 758 et
697 723 784 774 penus
796 722 862 774 pon-

60 771 175 827 deribus
190 781 344 839 oneratam3
368 776 484 842 eiusque
499 775 561 825 vela
582 791 643 826 cum
660 783 725 826 sunt
738 790 788 841 per
801 774 863 825 alti·

58 839 185 892 tudinem
201 841 320 893 mediam
329 843 397 892 mali
409 843 571 909 pendentia,
586 858 640 893 non
651 848 745 910 potest
760 841 861 892 babere

57 908 138 959 navis
149 909 269 960 celerem
279 925 400 961 cursum:
416 926 477 961 cum
488 917 579 961 autem
590 911 617 960 in
628 925 734 960 summo
746 910 863 959 cacumi-

59 990 95 1027 ne
104 981 241 1028 antennae
252 977 404 1029 subductae
415 984 491 1041 sunt,
505 984 571 1028 tunc
586 976 786 1028 vehementiori
801 991 863 1042 pro-

59 1042 305 1111 grediturimpctu,
317 1046 390 1111 quod
398 1061 454 1096 non
463 1046 587 1113 proxime
598 1046 702 1095 calcem
712 1042 864 1110 mali,quod

59 1115 105 1162 est
118 1110 182 1163 loco
199 1112 300 1175 centri,
314 1114 365 1164 sed
376 1113 405 1163 in
419 1129 525 1164 summo
541 1120 568 1164 et
582 1113 693 1180 longius
708 1112 741 1162 ab
756 1126 790 1162 eo
801 1126 863 1178 pro·

59 1191 160 1246 gressa
176 1179 316 1249 recipiunt
333 1181 361 1230 in
380 1195 410 1231 se
429 1181 493 1231 vela
510 1187 629 1232 ventum.
665 1178 689 1230 6.
701 1178 803 1246 'ltaque
823 1179 864 1228 uti

59 1245 150 1297 vectis
164 1246 215 1299 sub
229 1262 314 1299 onere
329 1247 470 1299 subiectus
484 1249 571 1314 siper
585 1247 706 1298 medium
720 1247 863 1313 premitur,

60 1313 159 1365 durior
177 1321 222 1366 est
237 1329 327 1383 noque
347 1314 492 1379 incumbit3
512 1330 574 1367 eum
595 1321 687 1366 autern
707 1320 789 1381 caput
802 1314 862 1364 eius

60 1396 197 1433 summum
213 1381 372 1445 deducitur,
383 1381 506 1434 faciliter
516 1398 585 1434 onus
596 1383 718 1434 extollit:
734 1382 864 1432 similiter

60 1448 126 1500 vela
140 1463 202 1501 cum
216 1455 281 1501 sunt
293 1465 344 1516 per
356 1451 476 1502 medium
491 1457 657 1518 temperata,
672 1451 807 1500 minorem
818 1448 863 1499 ha-

61 1516 132 1568 bent
147 1516 295 1582 virtutem3
315 1533 385 1585 quae
405 1524 496 1570 autem
516 1519 543 1569 in
563 1519 654 1585 capite
672 1518 739 1569 mali
757 1532 863 1569 summo

62 1583 238 1636 collocantur
246 1585 419 1637 discedentia
427 1586 538 1654 longius
549 1601 566 1636 a
575 1593 681 1648 centro,
690 1601 746 1635 non
755 1587 864 1636 acriore

62 1651 114 1704 sed
133 1651 233 1703 eodem
247 1651 327 1714 flatu,
348 1654 493 1719 pressione
508 1655 658 1705 cacuminis
673 1651 864 1704 vehementius

61 1725 168 1787 cogunt
179 1719 311 1837 proppedi
326 1735 432 1772 navem.
467 1721 558 1772 Etiam
572 1722 643 1772 remi
655 1722 730 1771 circa
743 1719 864 1771 scalmos

61 1786 185 1855 struppis
203 1802 234 1838 re
249 1788 316 1856 'gati
335 1804 396 1839 curn
410 1788 536 1840 manibus
550 1789 728 1856 impelluntur
743 1794 771 1838 et
785 1787 864 1837 redu-

62 1860 175 1918 cuntur,
195 1856 326 1906 extremis
345 1856 588 1922 progredientibus
608 1861 746 1915 acentro‚
767 1855 864 1920 palmis

61 1922 148 1974 maris
161 1921 243 1973 undis
259 1923 448 1989 spumantibus
461 1923 582 1988 impulsu
589 1921 745 1972 vehementi
757 1928 864 1987 protru-

63 1989 133 2042 dunt
145 1995 302 2057 porrectam
315 2004 427 2054 navem,
442 1997 555 2041 secante
568 2005 653 2057 prora
666 1989 784 2056 liquoris
797 1989 865 2039 rari-

61 2063 158 2109 tatem.
192 2057 218 2109 1,
234 2057 427 2109 Onerumvero
438 2058 557 2108 maxima
567 2057 691 2125 pondera
702 2072 762 2107 cum
773 2055 864 2106 ferun-

63 2131 110 2176 tur
123 2123 337 2192 aphalangariis
347 2123 515 2193 hexaphoris
526 2131 555 2176 et
564 2123 747 2192 tetraphoris,
763 2125 864 2174 exami-

62 2199 164 2244 nantur
172 2208 223 2261 per
230 2193 292 2261 ipsa
301 2193 394 2244 media
404 2199 500 2244 centra
508 2191 720 2260 phalangarum,
736 2199 766 2243 ut
776 2193 817 2241 ita
826 2191 865 2240 di-

63 2260 126 2312 viso
144 2261 238 2312 oneris
253 2260 345 2311 solido
359 2261 482 2327 pondere
497 2267 574 2312 certa
587 2261 703 2327 quadam
719 2259 865 2310 divisionis

62 2325 174 2380 ratione
188 2343 291 2394 aequas
304 2335 398 2395 partes
413 2328 494 2379 collis
510 2329 613 2395 singuli
629 2327 721 2378 ierant
735 2326 864 2394 operarii.

62 2395 176 2448 Mediae
187 2396 259 2446 enim
270 2401 363 2461 partes
373 2395 585 2462 phalangarum,
602 2395 700 2462 quibus
711 2395 774 2445 lora
782 2399 866 2444 tetra-

62 2461 216 2532 phororum
225 2462 400 2527 invehuntur,
411 2463 496 2514 clavis
506 2471 570 2514 sunt
580 2463 684 2525 finitae,
695 2477 729 2512 ne
739 2461 867 2512 labantur

65 2533 96 2580 in
115 2546 197 2595 unam
218 2528 272 2598 [cel
284 2528 410 2598 alteram]
424 2536 539 2598 partem.
576 2530 643 2580 Cum
657 2530 731 2581 enim
744 2534 824 2580 extra
837 2527 866 2578 fi-

64 2596 868 2664 nemcentripromoventnr‚premuntcumlocum,adquem

64 2667 180 2734 propius
195 2673 386 2730 accesserunt3
407 2665 636 2732 quemadmodum
646 2667 675 2716 in
686 2672 792 2717 statera
801 2679 868 2731 pon·

66 2736 118 2788 dus
134 2749 196 2787 cum
213 2733 404 2802 [ab1examine
416 2735 595 2792 nroareditur
608 2733 643 2784 ad
654 2733 723 2786 fines
733 2735 859 2801 pondera
