2054 3090
110 129 159 182 1¹18
301 128 357 182 Dii
383 129 717 187 incaluerunt

192 228 259 299 ἄκρα
268 227 350 299 μόνον
360 234 467 297 δολιχοῦ
473 235 573 297 χείλεος
583 229 728 303 {peripteroe

142 297 262 368 αὐτῆμαρ
272 302 409 369 πριστῆρες
417 303 457 384 ini
463 303 548 366 χθονὶ
555 297 646 360 δαιτὸς·
654 297 760 362 dirime

191 370 319 431 πίπτουσι,
329 366 424 434 γενύων
433 368 533 436 opponi
544 372 634 426 θέντες
645 367 700 435 ἴδη.

108 437 150 489 24.
169 437 240 491 Sunt
249 437 334 488 etiam
343 437 484 489 nonnullis
494 438 566 490 locis
579 437 699 491 fontium
711 435 912 509 proprietates,

109 521 179 574 quae
195 510 345 572 procreent
358 505 407 573 qui
425 505 465 556 ibi
485 511 636 558 nascuntur
654 508 781 588 egregiis
796 510 912 562 vocibus

109 574 144 624 ad
154 572 334 635 cantandum,
354 574 394 624 uti
406 574 510 636 Tarso,
524 573 555 624 M
612 573 688 626 esiae
702 575 827 644 allisque
842 579 913 629 eius·

108 641 184 692 modi
197 640 369 707 regionibus.
404 640 550 708 Etiamque
586 657 648 692 ama
661 649 706 694 est
720 643 823 696 civitas
832 644 912 697 Afro·

109 709 256 760 rumouius
265 709 378 759 moenia
389 723 440 760 rex
449 708 517 760 luba
531 709 636 777 duplici
648 725 728 761 muro
743 726 774 763 se
796 713 848 776 sit,
862 712 912 763 ibi·

109 791 162 844 que
176 776 283 842 regiam
293 775 405 826 domum
415 775 470 827 sibi
481 777 638 829 constituit:
659 777 693 829 ab
703 792 785 829 earm
811 780 839 831 ‘a
851 795 911 848 pas·

109 860 188 895 suum
202 844 302 910 viginti
314 849 358 894 est
373 857 408 910 op
428 843 614 908 idumlsmuc,
628 845 707 897 cuius
722 861 857 913 agrorum
870 862 910 898 re-

109 913 209 979 giones
225 910 386 961 incredibili
401 860 496 962 linitae
516 919 581 964 sunt
598 913 807 966 terminatione.
845 915 910 966 cunr

110 988 187 1031 esset
202 979 274 1030 enim
285 977 380 1028 Africa
393 993 494 1045 parens
509 986 538 1030 et
552 981 649 1032 nutrix
665 979 789 1032 serarum
808 982 910 1034 bestia·

109 1063 184 1110 rum,
199 1047 317 1099 maxime
328 1047 511 1112 serpentium,
521 1049 550 1098 in
561 1048 621 1099 eius
632 1049 707 1115 agris
719 1049 817 1116 oppidi
836 1050 911 1101 nulla

110 1117 245 1178 nascitur,
257 1122 286 1165 et
296 1114 440 1181 siquando
452 1114 538 1165 allata
546 1115 586 1166 ibi
597 1123 728 1182 ponatur,
743 1117 839 1168 statim
854 1134 910 1170 mo-

109 1185 192 1235 ritur:
213 1197 303 1250 neque
317 1183 346 1233 id
356 1183 459 1245 solum,
475 1183 526 1234 sed
541 1184 625 1234 etiarn
638 1189 715 1234 terra
728 1198 765 1236 ex
778 1182 824 1237 bis
840 1186 911 1237 locis

110 1253 135 1304 si
145 1251 201 1302 alio
212 1250 349 1302 translata
358 1249 489 1315 fuerit,et
497 1250 547 1302 ibi.
582 1251 614 1302 ld
624 1266 711 1331 genus
721 1258 816 1304 terrae
828 1255 910 1306 etiam

109 1319 273 1370 Balearibus
299 1319 402 1370 dicitur
425 1333 500 1383 esse;
529 1318 579 1370 sed
601 1319 685 1370 aliam
708 1319 910 1372 mirabiliorem

109 1388 240 1437 virtutem
255 1396 294 1436 'ea
308 1383 392 1437 habet
404 1392 488 1449 terra,
505 1401 587 1453 quam
601 1401 654 1454 ego
672 1387 713 1438 sic
726 1389 834 1455 aooepi.
868 1389 909 1440 25.

111 1456 141 1505 G.
152 1454 252 1516 lulius,
265 1453 433 1504 Masinissae
444 1453 532 1517 lilius,
548 1455 627 1506 ouius
641 1462 721 1506 erant
729 1457 819 1508 totius
835 1457 911 1524 oppi-

111 1523 140 1573 di
158 1536 288 1590 agrorum
301 1522 510 1588 possessiones,
528 1537 588 1573 cum
607 1528 686 1591 patre
701 1523 822 1576 Caesare
842 1525 910 1575 mili·

110 1590 191 1641 tavit:
211 1590 236 1640 is
252 1586 375 1655 hospitio
389 1604 451 1640 meo
464 1596 596 1654 estusus3
614 1591 655 1641 ita
668 1591 833 1658 quotidiano
848 1607 911 1644 oon·

110 1659 186 1711 victu
205 1671 321 1709 necesse
339 1656 432 1709 fuerat
452 1659 486 1709 de
505 1655 663 1726 philologia
681 1658 834 1725 disputare.
870 1660 910 1710 ln-

110 1728 191 1779 terim
202 1742 263 1779 oum
274 1730 350 1777 esset
359 1726 433 1777 inter
443 1741 494 1777 nos
506 1727 540 1777 de
555 1740 643 1793 aquae
655 1732 797 1794 potestate
811 1728 909 1779 eteius

110 1795 259 1848 virtutibus
271 1809 377 1857 sermo,
392 1795 522 1862 exposuit
532 1808 593 1845 esse
603 1794 632 1844 in
643 1809 677 1846 ea
688 1801 762 1845 terra
772 1795 908 1847 eiusmodi

111 1863 218 1928 sontes,
233 1865 318 1930 utqui
328 1861 369 1913 ibi
378 1869 593 1929 procrearentur
602 1876 688 1914 voces
698 1861 733 1912 ad
745 1863 910 1914 cantandum

112 1934 241 2001 egregias
265 1930 412 1982 haberent:
434 1930 555 1998 ideoque
577 1943 688 2048 semper
709 1931 911 1982 transmarinos

112 2001 279 2053 catulastros
291 2013 382 2049 emere
393 1997 534 2050 formosos
545 2003 574 2050 et
582 2012 635 2064 pue
649 1998 838 2060 Immaturae,
850 2013 910 2050 eos-

112 2085 165 2135 que
179 2069 364 2133 coniungere‚
378 2073 409 2117 ut
440 2067 469 2117 ui
483 2071 664 2118 nascerentur
678 2081 713 2118 ex
726 2063 784 2129 his,
798 2081 855 2117 non
867 2080 910 2116 so-

112 2138 167 2186 lum
183 2136 298 2252 egregia
312 2149 382 2185 voce
397 2149 427 2184 se
458 2134 541 2186 etiam
554 2132 645 2185 iorma
659 2140 753 2185 essent
766 2148 822 2184 non
836 2133 910 2184 inve-

112 2211 201 2254 nusta.
237 2205 251 2252 2
271 2241 277 2252 .
298 2202 365 2252 Cum
379 2199 448 2253 haec
461 2208 539 2253 tanta
556 2205 677 2253 varietas
696 2200 734 2254 sit
752 2201 912 2269 disparibus

112 2272 194 2322 rebus
209 2277 307 2321 natura
321 2269 481 2332 distributa,
501 2269 575 2337 quod
589 2268 736 2320 humanum
751 2284 854 2336 corpus
870 2274 915 2319 est

112 2353 147 2390 ex
157 2339 335 2406 aliquaparte
345 2343 499 2400 terrenum,
512 2337 541 2387 in
556 2351 590 2391 eo
605 2344 697 2389 autem
707 2337 794 2388 multa
808 2351 914 2404 genera

111 2415 175 2458 sunt
184 2405 342 2468 humorum,
352 2405 394 2457 uti
404 2405 561 2473 sanguinis,
571 2405 662 2468 lactis,
673 2404 793 2467 sudoris,
804 2405 912 2466 urinae,

111 2475 298 2526 lacrimarum:
320 2487 387 2540 ergo
399 2473 423 2524 si
435 2473 464 2523 in
473 2487 559 2540 parva
569 2472 706 2539 particula
716 2474 821 2523 terreni
834 2477 914 2522 tanta

111 2543 299 2611 discrepantia
310 2541 450 2593 invenitur
464 2556 606 2608 saporum,
621 2556 676 2591 non
691 2547 735 2591 est
747 2539 912 2602 mirandum,

112 2611 135 2660 si
146 2611 174 2660 in
189 2617 267 2663 tanta
278 2608 469 2678 magnitudine
483 2615 575 2660 terrae
586 2608 803 2659 innumerabiles
814 2622 912 2658 succo-

111 2692 171 2728 rum
182 2679 360 2746 reperiuntur
370 2678 534 2741 varietates,
543 2692 594 2744 per
603 2692 717 2744 quarum
728 2691 812 2727 venos
823 2689 913 2743 aquae
