2054 3090
345 235 470 287 LIBER
486 235 506 287 l.
534 235 617 288 CAP.
636 236 703 288 Vll.
885 238 920 291 n

111 337 139 392 ln
150 337 230 402 loro,
249 339 403 401 autetiam,
422 339 464 389 uti
477 337 546 389 lsidi
558 343 587 389 et
599 337 711 406 Serapi,
730 340 759 390 in
777 341 917 407 emporio:

112 407 233 474 Apollini
248 405 381 474 Patrique
395 405 501 457 Libero
516 406 667 456 secundum
677 405 828 458 theatrum:
847 407 914 458 Her-

113 475 178 537 culi,
193 475 222 524 in
238 474 338 541 quibus
353 473 513 524 civitatibus
527 489 583 524 non
596 480 661 525 sunt
672 475 818 540 gymnasia
828 489 917 541 neque

112 539 328 609 amphitheatra,
348 540 383 590 ad
393 541 510 591 circum:
520 541 606 591 Marti
616 547 696 592 extra
707 542 812 604 urbem,
825 542 875 592 sed
883 542 916 592 ad

113 609 256 675 Campum:
267 606 499 674 itemqueVeneri
511 607 545 657 ad
553 614 670 673 portam.
690 609 720 659 ld
731 615 822 659 autern
834 609 916 660 etiam

111 675 259 727 Hetruscis
293 674 467 740 aruspicibus
499 674 708 740 disciplinarum
736 676 848 742 scriptis
878 677 917 726 ita

111 750 154 795 est
163 742 335 794 dedicatum:
353 741 441 792 Extra
450 757 557 792 murum
566 741 695 806 Veneris,
705 743 833 805 Vulcani,
844 743 917 793 Mar·

111 812 146 862 tls
156 809 224 861 fana
233 810 299 860 ideo
310 809 458 870 collocari,
471 809 510 859 uti
518 824 574 859 non
583 810 726 860 insuescat
735 811 762 860 in
774 811 841 860 urbe
851 811 916 861 ado-

111 877 283 928 lescentibus
294 891 345 928 seu
355 875 490 927 matribus
497 874 665 926 familiarum
676 875 804 928 Veneres
818 877 915 939 libido,

113 944 285 1011 Vulcanique
299 944 326 992 vi
342 957 356 993 e
371 943 517 994 moenibus
532 943 715 1010 religionibus
730 954 759 994 et
769 945 915 995 sacrificiis

111 1017 241 1073 evocata,
261 1011 295 1061 ab
309 1011 409 1062 timore
424 1010 616 1060 incendiorum
628 1011 756 1072 aedilicia
771 1010 917 1061 rideantur
1000 1055 1002 1058 ,

111 1079 239 1130 liberari:
257 1078 357 1128 Martis
368 1092 434 1128 vero
452 1077 582 1127 divinitas
597 1092 658 1128 curn
673 1078 710 1127 sit
720 1079 916 1128 extramoenia

111 1146 250 1208 dedicata,
259 1160 314 1195 non
326 1145 379 1195 erit
388 1146 462 1195 inter
472 1144 548 1193 cives
560 1144 699 1209 armigera
710 1144 858 1205 dissensio,
866 1145 915 1194 sed

111 1214 146 1265 ab
158 1211 287 1263 hostibus
301 1227 335 1262 ea
345 1210 462 1262 defensa
472 1217 501 1261 et
509 1210 577 1260 belli
591 1210 716 1275 periculo
729 1211 914 1262 conservabit.

110 1283 135 1332 2.
153 1279 223 1332 ltem
238 1280 334 1330 Cereri
347 1280 427 1330 extra
440 1279 547 1339 urbem,
568 1278 645 1339 loco,
666 1293 721 1344 quo
737 1292 792 1328 non
806 1292 916 1344 semper

110 1347 238 1399 lromlnes
252 1347 306 1398 nisi
319 1362 370 1412 per
383 1346 550 1396 sacrificium
564 1359 680 1395 necesse
695 1343 815 1396 habeant
825 1346 913 1396 adire:

110 1432 171 1466 cum
189 1415 328 1482 religione
342 1418 418 1464 caste
433 1414 592 1479 sanctisque
606 1412 730 1463 moribus
743 1414 767 1464 is
778 1413 857 1464 locus
869 1414 914 1464 de·

108 1484 158 1534 bet
166 1483 249 1534 tueri.
287 1481 450 1547 Ceterisque
461 1480 515 1531 diis
527 1481 562 1531 ad
573 1481 773 1531 sacrificiorum
789 1482 912 1531 rationes

110 1556 192 1617 aptae
211 1549 323 1614 templis
343 1562 426 1598 oreae
445 1554 511 1599 sunt
530 1548 747 1599 distribuendae.
782 1547 825 1598 De
844 1549 913 1613 ipsis

110 1623 203 1668 autem
218 1617 333 1667 aedibus
348 1616 436 1666 sacris
450 1613 587 1666 faciendis
602 1621 630 1666 et
644 1615 678 1665 de
690 1630 785 1666 earum
795 1631 901 1682 symme

110 1686 174 1736 triis
190 1685 220 1735 in
233 1683 319 1736 tertio
336 1688 364 1734 et
377 1687 476 1749 quarto
490 1683 630 1733 volumine
650 1682 765 1733 reddam
779 1684 913 1742 rationes,

110 1753 176 1820 quia
188 1753 217 1803 in
232 1750 355 1802 secundo
368 1751 457 1800 risum
473 1755 516 1800 est
526 1749 594 1800 milri
603 1750 720 1816 primum
731 1749 764 1799 de
779 1750 913 1800 materiae

110 1820 213 1886 copiis,
229 1818 342 1886 quaein
356 1817 492 1868 aediliciis
503 1823 567 1868 sunt
576 1818 728 1884 parandae,
744 1817 844 1883 quibus
858 1817 914 1866 sint

110 1886 271 1948 virtutibus,
287 1891 315 1936 et
328 1900 410 1966 quem
424 1883 544 1936 habeant
557 1901 649 1948 usum,
668 1899 821 1950 exponere3
841 1899 912 1933 com-

109 1970 222 2006 mensus
240 1953 431 2004 aedificiorum
451 1958 479 2003 et
499 1953 612 2003 ordines
632 1958 661 2002 et
679 1965 784 2018 genera
802 1949 913 2016 singula

110 2021 334 2089 symmetriarum
350 2034 486 2087 peragere
502 2021 571 2070 etin
589 2018 706 2089 singulis
726 2017 912 2067 voluminibus

109 2090 260 2157 explicare.

110 2213 891 2248 ..-....------’-------ι---------·--Ἰ

202 2339 394 2409 LIBER
447 2334 812 2408 SECUNDUS.

427 2479 580 2491 ----

326 2555 693 2620 PRAEFATIO.

108 2667 291 2749 Dirrocrates
313 2691 482 2745 architectus
506 2691 723 2759 cogitationibus
745 2697 773 2742 et
795 2692 911 2743 solertia

108 2766 206 2828 fretus,
217 2779 279 2815 cum
287 2762 445 2814 Alexander
455 2776 546 2813 rerum
557 2760 703 2828 potiretur,
713 2757 857 2829 profectus
868 2765 913 2811 est
