2054 3090
306 109 432 162 LIBER
448 110 531 163 Vlll.
561 113 644 164 CAP.
664 112 716 164 ΙΙΙ.
862 112 910 162 115

108 209 145 263 lis
154 216 323 276 potestatam
332 218 563 278 temperarentur.
599 214 639 264 14.
658 213 729 265 Sunt
738 215 811 264 anim
820 213 911 264 Bneo-

109 277 167 329 tias
183 275 298 330 flumina
312 277 448 346 Cephisos
464 287 492 332 et
510 281 613 344 Melas,
629 279 771 331 Lucaniae
791 277 910 342 Crathis,

109 344 214 397 Troiae
223 343 361 409 Xanthus,
372 346 455 413 inque
466 348 542 415 agris
551 348 793 398 Clazomeniorum
804 352 833 397 et
841 346 910 412 Ery-

108 410 270 464 thraeorum
285 419 314 463 et
323 412 539 465 Laodicensium
553 414 646 466 fontes
661 429 694 464 ac
708 413 834 476 flumina,
848 428 909 463 cum

108 493 213 546 pecora
225 481 284 530 suis
299 481 471 547 temporibus
484 482 687 562 anniparantur
702 481 737 532 ad
751 481 910 546 conceptio·

108 561 172 597 nem
181 555 291 613 partus,
304 563 354 614 per
364 547 394 599 id
403 554 511 616 tempus
522 549 567 599 adr
589 555 671 600 untur
682 563 715 601 eo
727 548 852 616 quotidie
863 562 910 613 po-

108 619 180 677 tum,
193 627 338 681 excoque,
349 617 474 681 quamvis
485 615 542 667 sint
551 617 578 666 al
598 632 627 679 a,
635 622 787 733 procreant
797 615 859 666 aliis
870 616 909 665 lo·

110 681 152 732 cis
162 680 347 747 leucophaea,
358 682 421 734 aliis
432 683 504 734 locis
514 684 603 750 pulla,
618 684 681 734 aiis
692 685 824 734 coracino
835 683 910 732 colo-

108 762 150 799 re.
184 748 228 798 lta
249 749 405 814 proprietas
431 750 562 816 liquoris,
591 766 651 801 cum
675 751 727 802 init
748 752 777 800 in
800 765 910 816 corpus,

108 816 282 882 proseminat
295 816 440 867 intinctam
453 818 497 867 sui
511 813 644 885 cuiusque
664 818 775 885 generis
795 817 910 884 qualita-

107 889 175 934 tem.
209 882 298 950 Igitur
317 884 445 949 quoniam
465 885 494 935 in
513 886 617 952 campis
636 885 767 934 Troianis
785 883 911 950 proxime

110 949 212 1000 llumen
232 958 357 1001 armenta
369 950 433 1001 ruia
447 958 475 1002 et
489 966 593 1018 pecora
606 949 779 1018 leucophaea
796 965 912 1000 nascun-

109 1024 169 1079 tur,
188 1017 253 1067 ideo
271 1017 302 1067 id
319 1016 421 1069 flumen
435 1018 553 1085 Ilienses
566 1016 708 1069 Xanthum
727 1017 911 1085 appellavisse

110 1084 248 1135 dicuntur.
285 1084 325 1137 15.
342 1085 489 1153 Etiamque
505 1087 683 1136 inveniuntur
702 1099 790 1151 aquae
809 1097 913 1151 genera

110 1151 269 1215 mortifera,
290 1167 360 1219 quae
374 1167 424 1219 per
436 1152 593 1203 maleficum
611 1167 723 1202 succum
742 1158 834 1202 terrae
851 1164 912 1230 per-

111 1220 251 1270 currentia
264 1220 403 1287 recipiunt
415 1219 445 1270 in
455 1233 486 1270 ss
503 1220 558 1270 vim
570 1226 748 1282 venenatam,
769 1219 811 1270 uti
822 1216 911 1269 luisse

111 1286 214 1337 dicitur
228 1287 398 1338 Terracinae
414 1286 491 1349 fons,
511 1287 559 1353 qui
576 1286 730 1338 vocabatur
741 1285 910 1353 Neptunium

112 1367 148 1403 ex
162 1368 216 1420 quo
231 1356 277 1420 qui
292 1353 428 1406 biberant.
438 1354 629 1421 imprudentes
648 1354 707 1405 rita
719 1352 910 1420 privabantur:

112 1430 282 1487 quapropter
300 1422 408 1488 antiqui
429 1437 491 1473 eum
511 1420 685 1474 obstruxisse
705 1422 842 1473 dicuntur.
877 1419 914 1469 Et
967 1420 969 1423 ’

113 1485 232 1539 Chrobsi
242 1486 379 1540 Thraciae
389 1489 482 1553 lacus,
497 1504 531 1541 ex
562 1505 599 1541 uo
610 1505 666 1542 non
675 1489 766 1541 solum
779 1488 828 1555 qui
837 1486 913 1539 biba-

111 1556 168 1606 rint
176 1556 390 1620 moriuntur,sed
401 1557 484 1608 ctiam
495 1505 687 1624 quiqaverint:
705 1557 774 1608 item
786 1557 816 1606 in
825 1552 912 1606 Thes-

112 1621 184 1673 salia
193 1621 257 1672 fons
268 1630 312 1674 est
324 1622 479 1691 profluens,
496 1639 531 1674 ex
544 1639 598 1691 quo
613 1623 692 1675 fonte
707 1639 759 1674 nec
772 1636 858 1689 pecus
873 1620 914 1671 ul-

112 1690 169 1740 lum
184 1695 279 1756 gustat
293 1704 345 1740 nec
357 1690 510 1741 bestiarum
525 1706 613 1757 genus
632 1690 718 1741 ullum
737 1689 851 1756 propius
870 1702 913 1737 ac-

113 1756 201 1817 cedit;
221 1755 256 1804 ad
276 1770 358 1821 quem
378 1755 484 1807 fontem
502 1758 630 1823 proxime
647 1763 690 1808 est
706 1757 790 1807 arbor
810 1753 913 1805 florens

113 1835 253 1891 purpureo
264 1822 369 1873 colore.
406 1822 446 1874 ld.
464 1822 527 1874 Non
537 1825 628 1874 minus
638 1822 847 1884 inMacedonia
859 1834 913 1887 quo

113 1891 171 1942 loci
181 1888 306 1955 sepultus
315 1895 359 1940 est
367 1889 528 1957 Euripides,
543 1891 685 1942 dextrane
698 1890 811 1941 sinistra
819 1903 915 1939 monu-

113 1957 201 2008 menti
215 1955 395 2007 advenientes
409 1956 463 2007 duo
476 1957 530 2007 rivi
547 1963 716 2008 concurrunt
732 1957 761 2006 in
781 1970 877 2017 unum,
897 1969 912 2004 e

114 2024 215 2092 quibus
225 2023 260 2074 ad
268 2039 351 2073 unum
362 2023 557 2075 accumbentes
566 2025 690 2075 viatores
699 2023 854 2090 pransitare
869 2036 914 2072 so-

113 2093 232 2157 lentpro
252 2097 297 2142 ter
310 2105 399 2158 aquae
417 2090 583 2155 bonitatem3
603 2093 639 2142 ad
647 2092 737 2142 rivum
748 2097 853 2153 autern,
868 2088 916 2156 qui

114 2166 159 2211 est
170 2174 205 2210 cx
218 2107 308 2210 aftera
320 2164 399 2225 parte
413 2160 598 2222 monumenti,
612 2172 694 2210 nemo
703 2158 826 2221 accedit,
841 2156 915 2224 quod

113 2226 288 2278 mortiferam
302 2241 405 2293 aquam
416 2225 518 2276 dicitur
532 2225 643 2278 habere.
680 2226 749 2278 ltem
764 2231 808 2276 est
824 2225 855 2275 in
868 2225 915 2274 Ar-

115 2294 196 2346 cadia
205 2293 342 2345 Nonacris
351 2294 494 2344 nominata
504 2298 594 2346 terrae
604 2295 699 2374 regio,
712 2307 783 2360 quae
794 2290 878 2342 habet
887 2290 915 2338 in

113 2363 255 2412 montibus
274 2376 290 2410 e
308 2376 377 2412 saxo
397 2360 537 2412 stillantes
556 2360 756 2428 frigidissimos
775 2357 916 2408 humores.

114 2428 195 2481 Haec
204 2436 297 2481 autem
311 2443 383 2495 aqua
392 2422 494 2492 Στυγὸς
503 2423 573 2494 ὕδωρ
587 2428 759 2489 nominatur,
774 2439 856 2493 quam
870 2437 904 2474 ne

115 2512 169 2564 que
188 2503 351 2565 argenteum
369 2508 460 2563 neque
480 2508 596 2546 aeneum
614 2508 704 2561 neque
723 2493 846 2544 ferreum
866 2493 915 2542 vas

114 2570 210 2632 potest
226 2565 377 2626 sustinere,
396 2561 446 2615 sed
461 2560 566 2613 dissilit
576 2566 609 2613 ‚et
620 2562 785 2628 dissipatum,
805 2571 916 2611 conser-

90 2668 94 2673 -
115 2647 182 2688 rare
197 2640 290 2685 autem
304 2646 364 2683 eam
377 2638 406 2683 ct
419 2629 564 2683 continere
578 2628 650 2681 nihil
663 2628 741 2681 aliud
754 2632 850 2698 potest
862 2625 915 2677 nisi
