2054 3090
111 157 159 210 m
306 155 361 208 BE
387 154 710 208 ARGfflTECTURA

109 261 211 312 lemma
228 265 273 311 est
289 258 364 311 ratio
384 258 542 328 conquisito
561 258 631 311 soils
648 271 731 312 cursu
747 264 778 312 et
794 259 908 313 umbrae

109 328 263 380 crescentis
277 343 295 379 r
307 328 406 378 braim
415 327 611 378 observatione
621 327 748 390 invento,
766 342 909 396 equsper

108 397 233 448 rationes
244 394 478 447 architectonicas
488 393 640 462 circinique
650 394 856 463 descriptiones
864 402 909 448 est

107 467 235 516 inventus
249 462 367 514 effectus
381 463 411 512 in
426 461 540 514 mundo.
582 464 606 514 2.
624 462 744 514 Mundus
761 469 855 515 autern
865 469 909 515 est

109 532 230 584 omnium
240 537 355 582 naturae
365 543 458 581 rerum
467 531 614 597 conceptio
629 544 734 581 summa
743 531 908 599 coelumque

109 599 247 653 sideribus
258 598 469 650 eonion-rnatum.
504 597 536 648 ld
548 597 670 649 volvitur
676 599 908 651 continentercir·

110 685 171 720 cum
182 673 284 718 terram
294 673 323 718 rt
342 680 377 716 ue
390 679 467 717 mare
480 679 531 733 per
544 666 605 717 axis
615 665 743 717 cardines
758 673 909 718 extremos.

109 681 401 801 Namqueinhis‘iocis
410 731 911 802 naturalispotestesitaercbitectata

110 810 155 856 est
173 801 378 868 collocavitque
393 800 522 852 cardines
534 806 584 852 tan
603 816 667 852 uam
686 807 796 865 centra,
823 816 908 854 unum

110 888 127 923 a
136 878 213 922 terra
224 876 253 921 et
262 884 279 920 a
287 869 357 920 meri
366 869 396 919 in
406 883 513 920 summo
523 815 626 920 mundo
638 883 671 920 ac
680 875 745 937 post
756 869 834 937 ipsas
845 870 909 922 stel-

110 941 152 991 les
163 938 397 1006 septentrionum,
417 936 536 988 alterurn
545 941 724 988 uanacontra
733 937 910 989 subterrain

109 1006 270 1060 meridianis
284 1004 421 1073 partibus3
442 1003 538 1071 ibique
551 1003 655 1056 circum
670 1018 719 1055 eos
727 1005 857 1058 cardines
868 1019 910 1056 or-

109 1074 235 1136 biculos,
252 1069 523 1141 [tanquam1circum
533 1076 669 1124 manant
677 1072 706 1123 in
715 1078 810 1136 torno,
819 1071 910 1141 perie-

111 1145 162 1207 cit,
176 1141 224 1210 qui
234 1154 335 1208 graece
345 1134 423 1188 πόλοι
434 1139 625 1204 nominatum
643 1153 694 1208 per
705 1155 777 1208 quos
791 1141 909 1209 perveli-

110 1218 152 1264 tat
166 1211 335 1277 sempiterno
356 1206 477 1260 coelum:
496 1207 538 1259 ita
554 1207 649 1259 media
664 1213 743 1260 terra
759 1222 823 1260 oum
842 1208 909 1260 meri

110 1278 200 1330 centri
209 1276 274 1328 loco
285 1275 450 1327 naturaiiter
462 1281 507 1327 est
523 1275 670 1327 collocata
705 1275 729 1328 2.
747 1276 802 1328 Eis
812 1283 910 1328 natm

110 1345 255 1413 dispositio
267 1345 322 1406 ita,
336 1343 379 1395 uti
388 1341 601 1412 septentrionali
610 1348 690 1411 parte
702 1358 721 1395 a
733 1349 812 1395 terra
820 1343 911 1397 execi-

111 1415 170 1465 sius
183 1411 286 1463 hebeat
300 1409 448 1462 altitudine
462 1416 600 1475 nentrum,
613 1411 642 1462 in
650 1411 807 1463 meridiana
819 1419 912 1464 auteur

112 1486 190 1549 perte
203 1481 233 1530 in
242 1478 423 1530 inferioribus
437 1478 510 1531 loeis
523 1478 679 1531 subiectum
692 1494 710 1531 a
721 1484 800 1531 terra
813 1479 912 1531 obscu-

110 1555 199 1612 retor;
218 1552 284 1599 tunc
295 1546 379 1599 etiam
388 1560 439 1614 per
446 1546 569 1599 medium
580 1551 742 1599 transversa
755 1553 785 1599 et
797 1547 912 1600 inclina·

110 1624 140 1668 ta
149 1617 179 1666 in
188 1614 334 1668 meridiem
344 1614 751 1667 circulilatauoseduodeoinr
764 1616 854 1684 signis
869 1621 913 1666 est

110 1683 298 1747 conformata3
321 1695 392 1750 qaae
411 1694 508 1734 eorum
527 1681 637 1751 species
655 1683 748 1735 stellis
764 1683 912 1752 dispositis

110 1751 257 1804 duodecim
271 1751 396 1819 partibus
410 1750 587 1820 peraequatis
600 1751 731 1819 exprimit
744 1750 882 1819 depictam
895 1765 913 1801 a

110 1826 209 1872 natura
228 1819 432 1887 figurationem.
467 1817 565 1888 ltaque
583 1818 707 1872 lucentia
725 1834 787 1871 curn
809 1818 910 1870 mundo

110 1889 275 1956 reliquoque
288 1887 411 1939 siderum
426 1892 527 1938 ornatu
544 1884 649 1940 circum
664 1893 768 1940 terram
779 1900 910 1954 mareque

110 1952 909 2091 i⁰‘iiiittidiBt‘sfltitiistiti{initi-'iiii

111 2091 281 2143 cessitudiue
295 2097 360 2142 sunt
370 2090 534 2142 constituta:
553 2091 698 2157 exquibus
709 2105 760 2142 sex
772 2091 854 2160 signa
863 2105 910 2140 nu·

110 2174 188 2210 mero
204 2172 288 2226 supra
300 2164 404 2210 terram
419 2172 481 2209 curn
495 2156 578 2210 coelo
594 2163 795 2227 pervagantur,
815 2163 912 2210 cetera

111 2227 162 2279 sub
180 2231 283 2277 terram
302 2226 451 2278 subeuntia
469 2225 503 2277 ab
522 2225 584 2278 eius
601 2225 699 2278 umbro
716 2225 909 2278 obscurantur.

112 2294 168 2348 Sex
186 2300 280 2346 autem
300 2309 335 2346 ex
353 2291 397 2345 his
416 2306 527 2374 semper
544 2308 629 2361 supra
644 2300 749 2345 terram
771 2294 910 2346 nituntur:

111 2368 215 2432 quanta
222 2376 287 2429 pars
298 2362 372 2413 enim
382 2361 527 2413 novissimi
536 2362 610 2430 signi
620 2362 799 2428 depressiore
811 2367 913 2414 conae

109 2431 269 2483 versatione
288 2429 401 2481 subiens
420 2429 471 2480 sub
489 2435 593 2481 terram
607 2428 777 2492 occultatur,
794 2435 912 2482 termnu-

111 2503 174 2553 dcm
184 2499 245 2550 eius
254 2498 413 2549 contremo
424 2497 592 2550 versationis
601 2497 770 2549 necessitate
784 2510 912 2566 suppres-

110 2585 142 2620 sa
158 2567 300 2619 rotatione
318 2566 515 2619 circunmctunr
527 2574 605 2617 trans
614 2579 631 2617 e
640 2565 712 2617 locis
726 2579 783 2616 non
794 2564 912 2632 patenti·

109 2638 163 2689 bus
182 2641 211 2687 et
231 2634 358 2686 obscuris
377 2633 522 2703 egreditur
540 2634 576 2685 ad
592 2634 692 2685 lucem.
727 2632 853 2701 Nansque
871 2633 914 2684 ris

110 2720 166 2758 unt
175 2711 204 2754 et
219 2704 374 2755 necessitas
385 2709 532 2769 utrumque
546 2701 629 2753 simul
644 2702 781 2754 orientem
797 2708 827 2753 et
840 2702 914 2754 oeci·
