2054 3090
269 203 395 256 LlllllR
411 204 463 256 11.
492 203 576 256 ΕΑΓ.
592 204 667 257 vlt·
813 202 864 255 205

63 303 121 356 cali
137 305 323 368 describatur,
339 321 409 373 quae
424 307 525 358 dicitur
539 307 700 357 meridiana.
735 304 760 356 3.
778 304 862 355 Dein·

63 373 99 423 de
111 387 146 424 ex
156 387 255 424 novem
269 374 408 440 partibus,
425 389 497 441 pac
511 380 576 424 aurit
590 389 607 423 a
617 373 735 440 planitia
749 373 785 423 ad
795 387 861 439 gne·

62 441 155 491 menis
165 447 304 504 centrum,
314 447 380 492 ecto
391 448 533 492 sumantur
544 448 572 491 et
582 442 727 507 signentur
737 441 766 489 in
777 439 860 501 linea,

62 522 134 574 quae
149 509 233 560 estin
248 509 378 575 planitia,
393 508 440 558 obi
455 509 643 559 eritliterac.
678 508 860 558 Haecautem
886 513 891 520 ·

62 576 117 625 erit
127 578 274 642 gnomonis
285 577 500 643 aequinoctialis
508 576 619 627 umbra:
640 581 669 626 et
683 574 717 625 ab
733 589 766 625 eo
778 575 859 640 signo

61 650 92 693 et
100 643 183 692 litera
194 644 273 710 Oper
284 649 421 706 centrum,
432 644 480 694 obi
491 650 534 694 eet
544 644 668 705 literarl,
677 643 753 693 linea
761 641 859 708 perdu-

60 716 152 773 catur,
169 711 218 761 ubi
229 712 284 762 erit
293 711 362 762 selis
373 711 585 777 aequinoctialis
595 711 700 762 radius.
736 711 814 760 'lunc
825 709 858 758 ab

61 784 160 827 centro
174 778 288 830 diducto
302 779 408 829 circino
424 779 459 829 ad
475 779 576 829 hueam
589 778 723 844 planitiae
738 777 859 844 aequila-

59 845 132 894 tatio
143 845 283 911 signetur,
293 847 341 896 ubi
351 847 408 897 erit
416 845 531 896 literali
541 846 716 897 sinisteriore
727 852 819 912 parte,
831 851 859 894 et

59 912 72 961 l
87 913 246 963 dexteriore
259 915 287 964 in
301 915 432 964 extremis
447 914 529 965 lineis
544 913 745 974 circinationis,
767 919 795 962 et
809 927 858 978 per

61 986 185 1030 centrum
196 981 372 1048 perducenda
381 980 467 1043 linea,
486 988 518 1031 ut
527 995 617 1047 aequa
627 982 681 1031 duo
693 979 858 1045 hemicyclia

60 1049 117 1097 sint
127 1047 229 1098 divisa:
249 1047 319 1098 haec
333 1056 424 1098 autem
434 1049 508 1099 linea
518 1063 535 1098 a
544 1047 746 1098 mathematicis
757 1048 859 1098 dicitur

60 1112 187 1165 horizon„
221 1116 247 1166 4.
266 1116 374 1167 Deinde
401 1109 592 1167 circinationis
613 1117 701 1166 totius
725 1114 858 1165 sumenda

58 1189 180 1248 pareest
190 1183 417 1250 quintadecima,
435 1189 463 1234 et
473 1184 571 1233 circini
580 1189 705 1233 centrum
720 1182 857 1232 collocan-

60 1249 126 1300 dum
135 1250 163 1299 in
174 1250 249 1301 linea
260 1251 449 1301 circinationis
462 1266 515 1317 quo
526 1250 582 1302 loci
594 1256 672 1301 secat
682 1264 743 1300 eam
757 1249 857 1299 lineam

60 1317 273 1383 neqninoctialis
283 1317 391 1381 radius,
402 1319 450 1369 ubi
460 1319 514 1368 erit
524 1318 605 1368 litera
614 1316 645 1381 F,
657 1324 685 1369 et
694 1316 857 1385 signandum
931 1340 933 1343 ·

59 1384 160 1435 dextra
170 1400 202 1435 ac
212 1385 327 1436 sinistra
335 1386 383 1436 ubi
393 1392 456 1437 sunt
465 1387 564 1436 literae
575 1384 612 1448 G,
630 1385 668 1437 H.
701 1385 811 1436 Deinde
822 1384 856 1435 ab

59 1450 105 1502 his
124 1453 215 1503 lineae
234 1454 373 1520 usquead
391 1454 492 1504 lineam
510 1454 642 1520 planitiae
663 1452 856 1520 perducendae

58 1526 137 1583 sunt,
159 1520 206 1570 ubi
226 1530 307 1572 erunt
326 1521 425 1572 literae
441 1523 478 1584 T,
491 1521 533 1587 ‚1³3
553 1522 595 1572 ita
608 1522 662 1572 erit
679 1522 748 1573 solis
762 1520 856 1571 radius

57 1587 493 1641 unushiberrrnsalteraestirus.
529 1589 632 1641 Contra
642 1589 859 1641 autemElitera

57 1655 71 1705 l
82 1655 136 1705 erit
145 1656 193 1705 ubi
203 1663 281 1708 secat
290 1658 499 1708 circinationem
508 1657 595 1720 linea,
606 1671 676 1724 quae
687 1664 730 1708 est
739 1657 857 1707 traiecta

57 1736 109 1789 per
120 1731 259 1789 centrum3
280 1731 308 1776 et
318 1732 416 1776 contra
426 1724 450 1775 G
462 1731 491 1776 et
500 1725 529 1775 H
538 1724 637 1776 literae
652 1732 733 1775 erunt
742 1725 769 1774 K
784 1729 813 1773 et
822 1722 855 1784 L,

60 1796 88 1840 et
101 1792 230 1842 contrat]
246 1792 306 1843 etF
317 1794 375 1843 eth
391 1794 445 1844 erit
458 1793 541 1842 litera
551 1791 584 1843 N.
621 1792 645 1842 5.
665 1794 744 1842 Tunc
758 1790 856 1859 perdu-

58 1858 165 1909 cendae
177 1865 242 1910 sunt
255 1860 383 1910 diametri
396 1859 465 1910 abG
480 1860 515 1909 ad
524 1859 549 1909 L
563 1866 592 1910 et
601 1858 635 1909 ab
645 1859 673 1909 ll
682 1858 718 1908 ad
727 1858 765 1909 K:
786 1872 856 1925 quae

59 1927 114 1976 erit
122 1925 253 1989 inferior,
265 1929 352 1993 partis
362 1928 416 1978 erit
426 1928 562 1988 aestivae,
577 1927 704 1993 superior
715 1924 855 1976 hibernae.

59 1993 137 2054 Quae
158 1995 285 2045 diametri
305 2001 369 2045 sunt
391 2009 478 2061 aeque
496 1995 605 2046 mediae
626 1993 789 2045 dividendae
809 1993 854 2042 ubl

60 2068 141 2112 erunt
149 2061 248 2112 literae
258 2063 288 2111 M
299 2069 328 2112 et
338 2062 376 2124 0,
390 2061 484 2128 ibique
496 2067 593 2113 centra
603 2062 752 2128 signanda,
770 2067 799 2111 et
808 2075 857 2128 per

52 2144 94 2179 ea
104 2129 185 2209 signa
195 2135 224 2180 et
239 2130 393 2181 centrumd
409 2129 485 2180 linea
500 2129 535 2180 ad
550 2135 687 2181 extremas
701 2130 790 2180 lineas
806 2129 856 2178 cir·
909 2131 911 2136 '

59 2197 208 2247 cinationis
229 2202 272 2247 cst
292 2196 470 2263 perducenda
487 2197 533 2248 ubi
554 2202 635 2247 erunt
649 2197 748 2247 literae
765 2196 802 2259 P,
822 2195 854 2256 Q.

59 2264 138 2315 Haec
156 2265 210 2315 erit
223 2264 298 2314 linea
309 2259 373 2330 πρὸς
383 2261 471 2331 ὀρθὰς
483 2264 563 2315 radio
580 2265 790 2332 aequinoctiali3
810 2277 856 2313 vo-

59 2331 168 2382 cabitur
187 2338 278 2382 autem
297 2329 366 2382 haec
385 2331 461 2382 linea
479 2330 681 2383 mathematicis
699 2331 855 2401 rationibus

58 2414 147 2450 aron:
168 2405 196 2449 et
206 2398 240 2449 ab
251 2399 357 2450 eisdem
367 2400 469 2450 centris
480 2399 594 2451 diducto
605 2400 709 2450 circino
720 2400 757 2451 ad
766 2405 855 2451 extre·

58 2481 119 2518 snas
132 2467 283 2518 diametros
304 2466 496 2518 describantur
514 2465 681 2535 hemicyclia
699 2467 769 2530 duo,
789 2481 856 2533 quo·

58 2548 122 2585 ram·
146 2549 230 2585 unum
256 2535 311 2586 erit
338 2535 472 2586 aestivum
498 2535 615 2586 alterum
642 2534 795 2586 hibernum.
831 2531 855 2585 (i.

57 2602 168 2653 Deinde
183 2601 212 2652 in
229 2601 329 2669 quibes
345 2602 416 2654 locis
431 2609 528 2654 secant
545 2603 636 2654 lineae
651 2603 804 2669 parallelae
823 2602 857 2653 li·

58 2681 226 2731 nemrrearn,
239 2685 310 2737 quae
319 2668 600 2733 didturherinon,in
609 2670 856 2791 dexteriorepeete

59 2736 210 2789 eritlitcra
217 2735 251 2797 D,
266 2737 480 2790 iuslmsterioie
490 2737 529 2802 V,
545 2743 575 2789 et
588 2737 622 2788 ab
639 2745 764 2792 extrem
793 2738 855 2790 erni·
