2054 3090
182 123 229 175 ut
379 121 434 175 DE
459 123 778 180 ARCHITECTURA

181 225 920 294 oeteraomoiostisuprssoriptumestospedlantur.
956 227 981 280 3.

181 293 304 345 Cameris
319 292 464 360 dispositis
479 299 508 344 et
519 294 648 356 minum,
662 295 746 345 imus
758 294 870 346 coelum
883 308 981 346 esrum

180 362 364 423 trullissetur,
374 359 475 410 dende
486 375 572 412 mess
581 361 726 428 dirigetur,
736 367 836 427 postea
845 367 895 413 aut
903 369 982 415 oreta

182 435 231 480 aut
242 442 380 478 marmore
397 428 528 493 poliatur.
564 428 632 479 Gurs
647 442 776 480 emerso
795 429 901 495 politae
921 427 981 480 fue-

181 498 250 557 rint,
270 495 320 545 sub
340 509 387 544 eos
406 509 528 547 coronae
548 500 613 546 sunt
629 494 832 558 subiiciende03
850 493 881 562 [s

181 578 264 630 quam
273 562 391 612 nume
402 566 500 612 tenues
510 567 539 613 et
545 562 664 615 subtiles
672 568 804 629 oportere
815 511 980 615 resuffl-

182 637 239 680 turs
260 644 321 678 eum
341 629 414 679 onim
427 629 547 696 grandes
565 635 642 692 sunt,
661 629 785 697 pondere
803 629 983 680 deducuntur

181 701 360 762 necpossunt
369 711 399 746 se
413 697 563 748 sustineres
581 697 611 746 in
624 695 724 763 bisque
735 696 847 748 minime
861 712 980 764 gypsum

183 763 267 814 debet
279 763 439 825 admisceri,
455 763 505 813 sed
520 778 554 815 ex
569 769 646 815 creto
658 777 797 823 marmore
810 778 866 814 uso
880 769 981 815 tenore

181 830 309 897 perduci,
319 830 361 880 uti
371 846 404 881 ne
414 831 610 898 praecipiendo
621 846 676 882 non
686 831 807 899 patiatur
815 846 870 881 uno
881 836 981 881 tenore

183 915 251 965 opus
264 899 432 949 inarescere.
467 894 612 966 Etiamque
625 898 766 949 cavendae
776 898 877 948 suntin
891 912 981 948 cause·

182 968 220 1017 ris
237 966 392 1032 priscorum
409 964 622 1032 dispositiones,
642 966 716 1033 qnod
733 978 829 1016 earum
846 964 981 1031 planitiae

183 1033 442 1151 peronarpmcgrari
453 1033 859 1152 ponderetimpsefldentestwnt
872 1031 982 1150 persiicu·

193 1115 269 1152 osae.
373 1112 522 1150 oronarum
535 1115 571 1150 au
584 1115 628 1151 em
680 1115 714 1151 as
729 1116 781 1151 sus
824 1113 892 1150 urse
904 1113 922 1148 o
947 1113 980 1150 ae

183 1169 317 1219 caelatae.
354 1167 549 1229 concurrens,
569 1172 618 1218 out
635 1168 684 1218 nbi
696 1113 832 1236 ignis-ait
843 1166 926 1233 pluro
937 1167 979 1216 ls-

183 1235 258 1284 mina
266 1239 331 1284 sunt
341 1235 480 1299 ponenda,
490 1246 576 1300 purae
585 1235 648 1285 fiori
658 1234 769 1296 debent,
778 1238 812 1284 ut
822 1247 857 1284 ou
867 1231 980 1284 facilius

184 1305 392 1366 extergeantur:
411 1301 439 1351 in
449 1301 564 1351 aestivis
576 1308 605 1353 et
613 1302 738 1363 exedris,
751 1299 800 1352 sbi
810 1300 924 1351 ninius
938 1298 980 1352 fu·

183 1384 242 1418 mus
257 1372 300 1416 est
314 1382 365 1416 nec
378 1365 468 1434 fuligo
482 1373 577 1434 potest
588 1383 704 1432 nooers,
723 1367 763 1418 ibi
776 1367 903 1419 caelans
915 1375 982 1418 snt

183 1433 341 1496 faciendam
362 1449 472 1500 semper
486 1436 558 1486 enim
571 1436 663 1488 albruu
672 1451 743 1504 opus
756 1449 808 1502 pro
828 1439 871 1486 ter
884 1448 980 1501 super·

183 1502 257 1553 biam
270 1500 401 1552 'candoris
414 1517 471 1553 nos
482 1503 567 1554 modo
582 1519 618 1556 ex
630 1503 753 1570 propriis
770 1449 827 1554 eof
840 1502 925 1554 stim
944 1516 980 1552 sx

183 1569 282 1620 alienis
301 1568 439 1619 aedificiis
456 1570 581 1638 concipit
602 1569 715 1622 summ
750 1569 776 1621 5.
796 1569 914 1620 Coronis
930 1583 981 1620 ex-

134 1699 136 1702 ,
181 1637 292 1704 plicatis
306 1637 428 1703 parietes
447 1653 528 1704 quam
547 1639 699 1705 asperrime
707 1637 913 1700 trullissenturs
930 1651 979 1703 po·

181 1705 242 1755 stes
271 1709 363 1754 autem
394 1720 479 1771 supro
503 1705 734 1757 trullissationem
755 1703 981 1756 submersum

182 1771 373 1822 deformentur
380 1769 549 1823 d'usctiones
560 1773 680 1836 annoti,
694 1771 930 1838 stlosgitndises
943 1770 979 1820 sd

183 1839 307 1905 regulam
327 1843 356 1888 et
373 1839 488 1901 lineam,
507 1839 669 1891 altitudines
688 1839 724 1894 no
740 1837 979 1906 perpendiculum,

182 1906 277 1972 anguli
288 1905 324 1954 ad
333 1918 458 1956 noreiam
466 1907 669 1972 respondentes
683 1907 843 1973 exigantur
861 1918 979 1972 unque

182 1973 224 2023 sic
243 1973 390 2023 emendata
406 1973 587 2024 tectoriorum
604 1974 634 2023 in
653 1973 769 2040 pisturis
788 1972 843 2024 erit
858 1973 979 2040 species.

183 2038 399 2100 subarescente,
417 2041 518 2091 iterum
536 2056 569 2091 ac
586 2041 671 2092 tertio
690 2041 850 2092 induentur
868 2040 910 2090 its
922 2048 979 2106 quo

182 2104 325 2154 fundatior
340 2106 395 2155 erit
407 2121 443 2157 ex
456 2113 571 2158 arenoto
585 2108 740 2170 directum,
752 2119 789 2158 eo
803 2106 911 2158 iunior
923 2106 981 2156 erit

183 2170 218 2220 ad
231 2175 396 2222 vetustatem
412 2173 541 2224 soliditas
554 2176 676 2226 tectorii.
711 2173 737 2226 o.
754 2174 825 2224 Gom
842 2173 878 2224 ab
893 2187 981 2224 uena

182 2243 294 2305 praeter
304 2239 534 2306 trullissationem
543 2257 599 2292 non
610 2243 702 2293 minus
714 2241 805 2292 uibus
819 2240 905 2291 coriis
919 2238 980 2290 iue-

183 2307 221 2355 rit
234 2304 431 2369 deformntum,
445 2313 511 2359 tunc
525 2321 691 2360 emanere
702 2307 801 2376 gran&
809 2306 980 2358 directiones

182 2378 247 2424 sunt
259 2372 445 2439 subigendae,
459 2373 524 2426 dum
537 2375 578 2427 its
589 2376 722 2427 materies
730 2379 914 2442 temperetur,
928 2375 980 2435 sti,

183 2456 245 2491 cum
262 2439 414 2508 subigitur,
434 2457 490 2492 sou
504 2440 799 2505 haematinum,
818 2441 869 2492 sod
882 2452 980 2509 pomo

180 2506 285 2558 ferrum
308 2521 324 2557 e
346 2509 481 2560 mortario
505 2510 648 2562 liberetur.
682 2508 790 2561 Grandi
814 2507 929 2559 inducto
953 2514 981 2557 et

181 2574 370 2638 inarescente,
385 2576 503 2628 alterum
513 2577 769 2630 comumnediosrs
782 2575 932 2643 dirigebar:
951 2575 980 2624 id

183 2657 246 2693 cum
259 2641 403 2695 subactum
416 2641 503 2695 fuerit
515 2649 545 2696 et
556 2644 627 2698 bens
641 2643 784 2708 frisam,
797 2642 928 2696 ubuum
938 2641 981 2692 du-
