2054 3090
66 169 98 256 ’.
162 206 196 258 os
361 209 416 260 un
443 196 774 263 nscurrscrosi

162 316 193 359 ut
212 317 341 375 aspectus
360 318 474 378 propter
493 316 671 378 asperitatem
690 313 967 365 intercolumniorum

161 374 278 428 haberet
287 380 497 430 auctoritatem:
509 387 656 446 praeterea
665 382 690 430 si
700 390 728 431 et
739 382 867 431 imbrium
878 396 966 448 aquae

161 446 201 494 vis
216 447 395 510 occupaverit
409 451 437 496 et
451 447 641 498 intercluserit
658 445 799 498 hominum
814 449 967 498 multitudi-

129 532 131 536 ·
161 526 238 573 nem,
259 519 290 563 ut
308 510 410 562 babeat
424 514 453 563 in
468 514 538 564 aede
553 515 683 581 circaque
699 515 799 565 cellam
814 530 875 564 cum
891 516 966 565 laxa·

161 584 254 629 mento
271 578 388 630 liberam
398 594 512 630 moram.
548 580 628 631 Haec
638 589 730 632 autem
740 583 781 632 ita
791 581 966 647 explicantur

160 645 188 694 in
207 645 438 712 pseudodipteris
459 646 570 698 aedium
594 648 834 714 dispositionibus.
873 648 965 709 Quare

160 711 270 762 videtur
290 720 373 763 acuta
392 729 548 782 magnaque
573 715 691 765 solertia
709 714 826 765 effectus
851 730 965 780 operum

159 777 354 846 Hermogenes
364 780 483 843 iecisse,
494 781 699 848 reliquisseque
709 781 820 845 fontes,
833 783 906 833 unde
917 798 965 848 po-

160 845 230 895 steri
252 853 371 912 possent
393 846 505 899 haurire
526 849 733 915 disciplinarum
752 850 887 899 rationes.
925 853 965 899 1⁰.

159 912 280 963 Aedibus
293 915 466 980 araeostylis
478 916 623 967 columnae
634 917 674 966 sic
685 922 749 966 sunt
758 914 913 977 faciendae,
924 918 965 967 uti

161 980 360 1032 crassitudines
376 997 471 1032 earum
484 983 541 1032 sint
553 984 641 1048 partis
657 989 773 1032 octavae
789 983 823 1032 ad
841 983 964 1034 altitudi-

160 1062 223 1097 nes:
247 1048 315 1097 item
328 1049 358 1099 in
367 1047 499 1115 Diastylo
516 1050 686 1100 dimetienda
700 1055 743 1099 est
758 1050 878 1100 altitudo
890 1051 965 1100 colu-

160 1129 239 1164 mnae
249 1115 277 1165 in
288 1122 382 1181 partes
394 1123 459 1167 octo
470 1121 499 1167 et
507 1117 657 1179 dimidiam,
665 1122 693 1166 et
703 1117 784 1166 unius
794 1118 881 1182 partis
892 1133 965 1168 cras-

160 1181 253 1232 situdo
264 1182 409 1234 columnae
421 1182 584 1235 collocetur.
620 1184 650 1234 ln
661 1183 778 1250 Systylo
791 1184 910 1234 altitudo
926 1185 965 1235 di·

159 1249 270 1302 vidatur
279 1250 308 1299 in
319 1265 419 1301 norem
431 1256 459 1301 et
469 1251 611 1302 dimidiam
622 1258 743 1317 partem,
760 1257 789 1301 et
809 1266 844 1301 ex
860 1252 900 1301 eis
911 1266 966 1302 una

159 1313 195 1364 ad
205 1317 419 1367 crassitudinem
430 1318 576 1369 columnae
587 1318 681 1368 detur:
693 1319 760 1369 item
770 1319 798 1367 in
809 1318 965 1385 Py‘cnosty-

159 1382 186 1432 lo
197 1381 346 1433 dividenda
355 1391 400 1435 est
410 1384 529 1435 altitudo
540 1386 568 1434 in
578 1391 672 1450 partes
684 1385 788 1447 decem,
802 1386 900 1436 eteius
911 1401 966 1436 una

158 1464 222 1515 pars
238 1448 368 1501 facienda
381 1455 425 1501 est
439 1450 584 1502 columnae
595 1452 761 1503 crassitudo.
797 1453 909 1518 Eustyli
919 1468 964 1502 au·

158 1523 215 1568 tem
231 1516 309 1566 aedis
325 1517 470 1568 columnae
484 1525 516 1583 ut
526 1518 634 1585 Systyli
644 1519 673 1568 in
684 1535 783 1569 novem
793 1527 888 1584 partes
904 1519 964 1570 alti-

157 1584 226 1634 tudo
242 1583 383 1640 dividatur
397 1591 426 1635 et
437 1585 594 1648 dimidium,
611 1592 639 1636 et
650 1587 710 1636 eius
719 1601 774 1637 una
784 1601 847 1652 pars
862 1588 965 1637 consti·

157 1658 252 1702 tuatur
259 1653 288 1702 in
295 1652 484 1703 crassitudine
495 1653 544 1702 imi
553 1654 642 1719 scapi:
653 1653 692 1704 ita
702 1652 850 1704 habebitur
860 1668 910 1719 pro
921 1668 963 1703 ra-

157 1728 187 1769 ta
204 1726 283 1784 parte
302 1720 581 1771 intercolumniorum
600 1721 683 1771 ratio.
720 1724 760 1770 ll.
781 1720 963 1781 Quemadmo-

159 1787 222 1837 dum
233 1787 306 1836 enim
317 1794 447 1838 crescunt
456 1788 547 1853 spatia
555 1789 629 1838 inter
639 1787 839 1848 columnas‚ita
848 1802 963 1853 propor-

157 1853 282 1904 tionibus
302 1854 483 1921 adaugendae
503 1861 567 1904 sunt
586 1854 786 1905 crassitudines
806 1868 962 1920 scaporum.

158 1920 282 1987 Namque
298 1922 322 1971 si
336 1922 365 1971 in
374 1922 542 1986 Araeostylo
553 1937 627 1972 nona
637 1928 685 1972 aut
695 1922 803 1972 decima
812 1936 876 1986 pars
890 1931 962 1970 cras-

158 1989 287 2039 situdinis
297 1987 395 2050 fuerit,
406 1989 498 2051 tenuis
511 1995 540 2039 et
550 1990 632 2039 exilis
643 1989 801 2055 apparebit,
812 1989 878 2038 ideo
889 1988 963 2054 quod

157 2070 207 2120 per
221 2056 396 2106 latitudinem
414 2056 692 2106 intercolumniorum
709 2059 757 2104 air
777 2056 916 2105 consumit
936 2061 964 2103 et

157 2123 432 2188 imminuitaspectus
443 2137 590 2188 scaporum
601 2123 822 2173 crassitudinem.
859 2122 964 2171 Contra

157 2188 416 2255 vero-Pyenostylis
431 2191 455 2239 si
470 2195 570 2240 octava
582 2205 646 2255 pars
662 2188 855 2239 crassitudinis
866 2187 961 2247 fuerit,

157 2251 271 2320 'propter
287 2255 465 2312 crebritatem
483 2263 512 2306 et
527 2257 670 2322 angustias
685 2255 962 2304 intercolumniorum

158 2321 289 2372 tumidam
304 2327 332 2371 et
343 2323 517 2373 invenustam
528 2324 630 2372 eiilciet
641 2323 771 2388 speciem.
807 2320 904 2386 ltaque
915 2336 962 2386 ge-

159 2390 232 2438 neris
250 2389 343 2453 operis
359 2395 472 2454 oportet
487 2391 616 2456 persequi
637 2387 823 2453 symmetrias.
859 2387 962 2437 Etiam-

158 2471 211 2521 que
229 2455 377 2522 angulares
394 2456 539 2505 columnae
559 2456 712 2506 crassiores
731 2453 878 2504 faciendae
899 2460 963 2504 sunt

158 2538 192 2572 ex
209 2538 260 2572 suo
276 2523 412 2572 diametro
428 2523 657 2590 quinquagesima
671 2527 762 2594 parte,
781 2521 854 2586 quod
866 2535 917 2571 eae
928 2521 962 2570 ab

157 2592 222 2638 aere
240 2589 487 2652 circumciduntur,
516 2595 544 2639 et
561 2588 726 2656 graciliores
747 2601 809 2637 esse
834 2589 964 2638 videntur·

157 2656 366 2720 aspicientibus.
402 2657 477 2723 Ergo
494 2656 568 2723 quod
588 2655 685 2705 oculos
704 2653 791 2716 fallit,
811 2656 962 2705 ratiocina-

156 2722 232 2774 tione
249 2723 520 2790 estexaequandum.
558 2725 597 2772 12.
617 2722 817 2773 Contracturae
829 2729 920 2775 autem
932 2724 963 2773 in
