<?xml version="1.0" encoding="UTF-8"?>
<!DOCTYPE html PUBLIC "-//W3C//DTD XHTML 1.0 Transitional//EN"
    "http://www.w3.org/TR/xhtml1/DTD/xhtml1-transitional.dtd">
<html xmlns="http://www.w3.org/1999/xhtml" xml:lang="en" lang="en">
 <head>
  <title>
</title>
<meta http-equiv="Content-Type" content="text/html;charset=utf-8" />
  <meta name='ocr-system' content='tesseract 3.04.00' />
  <meta name='ocr-capabilities' content='ocr_page ocr_carea ocr_par ocr_line ocrx_word'/>
</head>
<body>
  <div class='ocr_page' id='page_1' title='image "./dearchitectural00pollgoog_0133.png"; bbox 0 0 2054 3090; ppageno 0'>
   <div class='ocr_carea' id='block_1_1' title="bbox 110 203 715 265">
    <p class='ocr_par' dir='ltr' id='par_1_1' title="bbox 110 203 715 265">
     <span class='ocr_line' id='line_1_1' title="bbox 110 203 715 265; baseline 0.005 -14"><span class='ocrx_word' id='word_1_1' title='bbox 110 203 157 252; x_wconf 82' lang='lat'>128</span> <span class='ocrx_word' id='word_1_2' title='bbox 197 262 199 265; x_wconf 22' lang='grc' dir='ltr'>Ι</span> <span class='ocrx_word' id='word_1_3' title='bbox 307 204 363 255; x_wconf 83' lang='lat' dir='ltr'>DE</span> <span class='ocrx_word' id='word_1_4' title='bbox 388 203 715 256; x_wconf 75' lang='lat' dir='ltr'><strong>ARCHITECTURA</strong></span> 
     </span>
    </p>
   </div>
   <div class='ocr_carea' id='block_1_2' title="bbox 108 304 913 509">
    <p class='ocr_par' dir='ltr' id='par_1_2' title="bbox 108 304 913 509">
     <span class='ocr_line' id='line_1_2' title="bbox 109 304 913 373; baseline 0.005 -20"><span class='ocrx_word' id='word_1_5' title='bbox 109 304 175 366; x_wconf 88' lang='lat' dir='ltr'>erit,</span> <span class='ocrx_word' id='word_1_6' title='bbox 192 311 222 354; x_wconf 88' lang='lat' dir='ltr'>ut</span> <span class='ocrx_word' id='word_1_7' title='bbox 231 304 344 372; x_wconf 86' lang='lat' dir='ltr'>ingenio</span> <span class='ocrx_word' id='word_1_8' title='bbox 356 312 385 356; x_wconf 85' lang='lat' dir='ltr'>et</span> <span class='ocrx_word' id='word_1_9' title='bbox 394 306 520 357; x_wconf 80' lang='lat' dir='ltr'><strong>acumine</strong></span> <span class='ocrx_word' id='word_1_10' title='bbox 532 305 566 357; x_wconf 90' lang='lat' dir='ltr'>de</span> <span class='ocrx_word' id='word_1_11' title='bbox 576 305 747 373; x_wconf 75' lang='lat' dir='ltr'>symmetriis</span> <span class='ocrx_word' id='word_1_12' title='bbox 761 304 913 357; x_wconf 80' lang='lat' dir='ltr'>detractio·</span> 
     </span>
     <span class='ocr_line' id='line_1_3' title="bbox 110 372 913 436; baseline 0.005 -15"><span class='ocrx_word' id='word_1_13' title='bbox 110 386 159 422; x_wconf 91' lang='lat' dir='ltr'>nes</span> <span class='ocrx_word' id='word_1_14' title='bbox 174 379 222 422; x_wconf 91' lang='lat' dir='ltr'>aut</span> <span class='ocrx_word' id='word_1_15' title='bbox 240 373 414 423; x_wconf 87' lang='lat' dir='ltr'>adiectiones</span> <span class='ocrx_word' id='word_1_16' title='bbox 433 374 512 436; x_wconf 87' lang='lat' dir='ltr'>liant,</span> <span class='ocrx_word' id='word_1_17' title='bbox 532 374 574 425; x_wconf 90' lang='lat' dir='ltr'>uti</span> <span class='ocrx_word' id='word_1_18' title='bbox 590 389 646 424; x_wconf 88' lang='lat' dir='ltr'>non</span> <span class='ocrx_word' id='word_1_19' title='bbox 665 372 819 424; x_wconf 74' lang='lat' dir='ltr'>dissimiles</span> <span class='ocrx_word' id='word_1_20' title='bbox 837 373 913 425; x_wconf 83' lang='lat' dir='ltr'>veris</span> 
     </span>
     <span class='ocr_line' id='line_1_4' title="bbox 108 440 645 509; baseline 0.006 -20"><span class='ocrx_word' id='word_1_21' title='bbox 108 441 276 506; x_wconf 82' lang='lat' dir='ltr'>symmetriis</span> <span class='ocrx_word' id='word_1_22' title='bbox 286 440 466 509; x_wconf 75' lang='lat' dir='ltr'>perficiantur</span> <span class='ocrx_word' id='word_1_23' title='bbox 475 447 645 492; x_wconf 82' lang='lat' dir='ltr'>venustates.</span> 
     </span>
    </p>
   </div>
   <div class='ocr_carea' id='block_1_3' title="bbox 406 595 618 738">
    <p class='ocr_par' dir='ltr' id='par_1_3' title="bbox 406 595 618 738">
     <span class='ocr_line' id='line_1_5' title="bbox 406 595 618 650; baseline 0.009 -2"><span class='ocrx_word' id='word_1_24' title='bbox 406 597 541 650; x_wconf 79' lang='lat' dir='ltr'><strong>CAPUT</strong></span> <span class='ocrx_word' id='word_1_25' title='bbox 568 595 618 650; x_wconf 90' lang='lat' dir='ltr'>lV.</span> 
     </span>
     <span class='ocr_line' id='line_1_6' title="bbox 432 679 587 738; baseline -0.013 -1"><span class='ocrx_word' id='word_1_26' title='bbox 432 679 587 738; x_wconf 70' lang='lat' dir='ltr'>(vulsum)</span> 
     </span>
    </p>
   </div>
   <div class='ocr_carea' id='block_1_4' title="bbox 110 769 915 959">
    <p class='ocr_par' dir='ltr' id='par_1_4' title="bbox 110 769 915 959">
     <span class='ocr_line' id='line_1_7' title="bbox 110 769 913 852; baseline 0 -30"><span class='ocrx_word' id='word_1_27' title='bbox 110 771 159 822; x_wconf 74' lang='lat' dir='ltr'>Aa</span> <span class='ocrx_word' id='word_1_28' title='bbox 179 788 261 839; x_wconf 80' lang='lat' dir='ltr'>quos</span> <span class='ocrx_word' id='word_1_29' title='bbox 284 771 370 823; x_wconf 84' lang='lat' dir='ltr'>coels‘</span> <span class='ocrx_word' id='word_1_30' title='bbox 389 771 542 841; x_wconf 73' lang='lat' dir='ltr'>regiones</span> <span class='ocrx_word' id='word_1_31' title='bbox 566 787 713 840; x_wconf 76' lang='lat' dir='ltr'>quaeqae</span> <span class='ocrx_word' id='word_1_32' title='bbox 740 769 913 852; x_wconf 66' lang='lat' dir='ltr'>aedifific-</span> 
     </span>
     <span class='ocr_line' id='line_1_8' title="bbox 111 839 915 959; baseline 0 -1"><span class='ocrx_word' id='word_1_33' title='bbox 111 856 178 890; x_wconf 76' lang='lat'>&#39;¹‘&#39;&#39;²</span> <span class='ocrx_word' id='word_1_34' title='bbox 200 839 751 959; x_wconf 62' lang='lat' dir='ltr'>⁸⁶⁷²⁶ittittttt‘..·t‘ltttt:¹</span> <span class='ocrx_word' id='word_1_35' title='bbox 782 853 857 890; x_wconf 77' lang='lat'>“⁸¹“</span> <span class='ocrx_word' id='word_1_36' title='bbox 884 847 915 890; x_wconf 68' lang='lat'>‘⁸</span> 
     </span>
    </p>
   </div>
   <div class='ocr_carea' id='block_1_5' title="bbox 112 1006 934 2355">
    <p class='ocr_par' dir='ltr' id='par_1_5' title="bbox 112 1006 934 2355">
     <span class='ocr_line' id='line_1_9' title="bbox 162 1006 914 1075; baseline -0.005 -15"><span class='ocrx_word' id='word_1_37' title='bbox 162 1009 242 1060; x_wconf 78' lang='lat' dir='ltr'>Nune</span> <span class='ocrx_word' id='word_1_38' title='bbox 256 1007 455 1075; x_wconf 80' lang='lat' dir='ltr'>explicabimus</span> <span class='ocrx_word' id='word_1_39' title='bbox 471 1007 570 1075; x_wconf 82' lang='lat' dir='ltr'>quibus</span> <span class='ocrx_word' id='word_1_40' title='bbox 579 1006 797 1074; x_wconf 76' lang='lat' dir='ltr'>proprietatibus</span> <span class='ocrx_word' id='word_1_41' title='bbox 809 1020 914 1074; x_wconf 83' lang='lat' dir='ltr'>genere</span> 
     </span>
     <span class='ocr_line' id='line_1_10' title="bbox 112 1072 914 1140; baseline -0.004 -13"><span class='ocrx_word' id='word_1_42' title='bbox 112 1076 304 1127; x_wconf 86' lang='lat' dir='ltr'>aedificiorum</span> <span class='ocrx_word' id='word_1_43' title='bbox 316 1075 351 1126; x_wconf 90' lang='lat' dir='ltr'>ad</span> <span class='ocrx_word' id='word_1_44' title='bbox 360 1091 440 1126; x_wconf 90' lang='lat' dir='ltr'>usum</span> <span class='ocrx_word' id='word_1_45' title='bbox 452 1081 481 1126; x_wconf 88' lang='lat' dir='ltr'>et</span> <span class='ocrx_word' id='word_1_46' title='bbox 491 1075 564 1126; x_wconf 89' lang='lat' dir='ltr'>coeli</span> <span class='ocrx_word' id='word_1_47' title='bbox 573 1089 604 1125; x_wconf 87' lang='lat' dir='ltr'>re</span> <span class='ocrx_word' id='word_1_48' title='bbox 627 1076 705 1125; x_wconf 84' lang='lat' dir='ltr'>‘ones</span> <span class='ocrx_word' id='word_1_49' title='bbox 717 1079 780 1140; x_wconf 84' lang='lat' dir='ltr'>apte</span> <span class='ocrx_word' id='word_1_50' title='bbox 792 1072 914 1125; x_wconf 85' lang='lat' dir='ltr'>debeant</span> 
     </span>
     <span class='ocr_line' id='line_1_11' title="bbox 112 1141 912 1211; baseline -0.004 -16"><span class='ocrx_word' id='word_1_51' title='bbox 112 1150 249 1211; x_wconf 87' lang='lat' dir='ltr'>spectare.</span> <span class='ocrx_word' id='word_1_52' title='bbox 285 1142 411 1193; x_wconf 79' lang='lat' dir='ltr'>Hiberna</span> <span class='ocrx_word' id='word_1_53' title='bbox 428 1143 551 1194; x_wconf 85' lang='lat' dir='ltr'>triclinis</span> <span class='ocrx_word' id='word_1_54' title='bbox 570 1148 599 1194; x_wconf 89' lang='lat' dir='ltr'>et</span> <span class='ocrx_word' id='word_1_55' title='bbox 636 1141 759 1193; x_wconf 85' lang='lat' dir='ltr'>alneeria</span> <span class='ocrx_word' id='word_1_56' title='bbox 778 1141 821 1192; x_wconf 91' lang='lat' dir='ltr'>uti</span> <span class='ocrx_word' id='word_1_57' title='bbox 840 1141 912 1192; x_wconf 89' lang='lat' dir='ltr'>occi-</span> 
     </span>
     <span class='ocr_line' id='line_1_12' title="bbox 113 1209 912 1279; baseline -0.004 -17"><span class='ocrx_word' id='word_1_58' title='bbox 113 1212 225 1262; x_wconf 84' lang='lat' dir='ltr'>dentem</span> <span class='ocrx_word' id='word_1_59' title='bbox 235 1209 380 1262; x_wconf 84' lang='lat' dir='ltr'>hibernum</span> <span class='ocrx_word' id='word_1_60' title='bbox 391 1216 530 1279; x_wconf 86' lang='lat' dir='ltr'>spectent,</span> <span class='ocrx_word' id='word_1_61' title='bbox 539 1210 605 1262; x_wconf 90' lang='lat' dir='ltr'>ideo</span> <span class='ocrx_word' id='word_1_62' title='bbox 616 1209 691 1277; x_wconf 87' lang='lat' dir='ltr'>quod</span> <span class='ocrx_word' id='word_1_63' title='bbox 700 1209 861 1274; x_wconf 78' lang='lat' dir='ltr'>vespertino</span> <span class='ocrx_word' id='word_1_64' title='bbox 872 1209 912 1260; x_wconf 91' lang='lat' dir='ltr'>lu·</span> 
     </span>
     <span class='ocr_line' id='line_1_13' title="bbox 112 1275 913 1346; baseline -0.005 -17"><span class='ocrx_word' id='word_1_65' title='bbox 112 1279 217 1329; x_wconf 89' lang='lat' dir='ltr'>mineo</span> <span class='ocrx_word' id='word_1_66' title='bbox 240 1295 271 1329; x_wconf 92' lang='lat' dir='ltr'>us</span> <span class='ocrx_word' id='word_1_67' title='bbox 291 1285 335 1329; x_wconf 85' lang='lat' dir='ltr'>est</span> <span class='ocrx_word' id='word_1_68' title='bbox 348 1279 402 1342; x_wconf 80' lang='lat' dir='ltr'>uti3</span> <span class='ocrx_word' id='word_1_69' title='bbox 421 1284 569 1345; x_wconf 84' lang='lat' dir='ltr'>praeterea</span> <span class='ocrx_word' id='word_1_70' title='bbox 582 1277 658 1346; x_wconf 87' lang='lat' dir='ltr'>quod</span> <span class='ocrx_word' id='word_1_71' title='bbox 672 1277 757 1327; x_wconf 89' lang='lat' dir='ltr'>etiam</span> <span class='ocrx_word' id='word_1_72' title='bbox 775 1275 821 1327; x_wconf 93' lang='lat' dir='ltr'>sol</span> <span class='ocrx_word' id='word_1_73' title='bbox 840 1277 913 1328; x_wconf 86' lang='lat' dir='ltr'>oeci-</span> 
     </span>
     <span class='ocr_line' id='line_1_14' title="bbox 113 1295 912 1413; baseline -0.003 -18"><span class='ocrx_word' id='word_1_74' title='bbox 113 1346 180 1396; x_wconf 89' lang='lat' dir='ltr'>dens</span> <span class='ocrx_word' id='word_1_75' title='bbox 196 1295 329 1396; x_wconf 76' lang='lat' dir='ltr'>ailversus</span> <span class='ocrx_word' id='word_1_76' title='bbox 344 1344 448 1397; x_wconf 88' lang='lat' dir='ltr'>habens</span> <span class='ocrx_word' id='word_1_77' title='bbox 466 1345 656 1413; x_wconf 85' lang='lat' dir='ltr'>splendorem,</span> <span class='ocrx_word' id='word_1_78' title='bbox 677 1344 799 1395; x_wconf 84' lang='lat' dir='ltr'>calorem</span> <span class='ocrx_word' id='word_1_79' title='bbox 818 1347 912 1394; x_wconf 67' lang='lat' dir='ltr'>remm-</span> 
     </span>
     <span class='ocr_line' id='line_1_15' title="bbox 113 1411 913 1480; baseline -0.003 -17"><span class='ocrx_word' id='word_1_80' title='bbox 113 1421 188 1474; x_wconf 86' lang='lat' dir='ltr'>tens,</span> <span class='ocrx_word' id='word_1_81' title='bbox 211 1413 296 1462; x_wconf 81' lang='lat' dir='ltr'>efficit</span> <span class='ocrx_word' id='word_1_82' title='bbox 309 1414 468 1479; x_wconf 85' lang='lat' dir='ltr'>vespertino</span> <span class='ocrx_word' id='word_1_83' title='bbox 482 1421 608 1480; x_wconf 89' lang='lat' dir='ltr'>tempore</span> <span class='ocrx_word' id='word_1_84' title='bbox 629 1412 774 1480; x_wconf 81' lang='lat' dir='ltr'>regionem</span> <span class='ocrx_word' id='word_1_85' title='bbox 792 1411 913 1478; x_wconf 89' lang='lat' dir='ltr'>tepidio-</span> 
     </span>
     <span class='ocr_line' id='line_1_16' title="bbox 113 1479 913 1545; baseline -0.003 -15"><span class='ocrx_word' id='word_1_86' title='bbox 113 1495 179 1530; x_wconf 86' lang='lat' dir='ltr'>rem.</span> <span class='ocrx_word' id='word_1_87' title='bbox 216 1479 350 1530; x_wconf 84' lang='lat' dir='ltr'>Cubicula</span> <span class='ocrx_word' id='word_1_88' title='bbox 367 1487 396 1530; x_wconf 88' lang='lat' dir='ltr'>et</span> <span class='ocrx_word' id='word_1_89' title='bbox 409 1480 598 1534; x_wconf 87' lang='lat' dir='ltr'>bibliothecae</span> <span class='ocrx_word' id='word_1_90' title='bbox 609 1480 791 1532; x_wconf 81' lang='lat' dir='ltr'>adorientem</span> <span class='ocrx_word' id='word_1_91' title='bbox 805 1484 913 1545; x_wconf 81' lang='lat' dir='ltr'>speetu·</span> 
     </span>
     <span class='ocr_line' id='line_1_17' title="bbox 112 1546 912 1616; baseline 0 -20"><span class='ocrx_word' id='word_1_92' title='bbox 112 1562 143 1597; x_wconf 84' lang='lat' dir='ltr'>re</span> <span class='ocrx_word' id='word_1_93' title='bbox 160 1546 276 1609; x_wconf 88' lang='lat' dir='ltr'>debent;</span> <span class='ocrx_word' id='word_1_94' title='bbox 299 1563 365 1597; x_wconf 86' lang='lat' dir='ltr'>usus</span> <span class='ocrx_word' id='word_1_95' title='bbox 390 1549 462 1599; x_wconf 88' lang='lat' dir='ltr'>enim</span> <span class='ocrx_word' id='word_1_96' title='bbox 479 1549 643 1601; x_wconf 86' lang='lat' dir='ltr'>matutinum</span> <span class='ocrx_word' id='word_1_97' title='bbox 661 1547 787 1616; x_wconf 83' lang='lat' dir='ltr'>postulet</span> <span class='ocrx_word' id='word_1_98' title='bbox 807 1546 912 1597; x_wconf 87' lang='lat' dir='ltr'>lumen:</span> 
     </span>
     <span class='ocr_line' id='line_1_18' title="bbox 112 1612 913 1683; baseline -0.002 -18"><span class='ocrx_word' id='word_1_99' title='bbox 112 1616 180 1665; x_wconf 93' lang='lat' dir='ltr'>item</span> <span class='ocrx_word' id='word_1_100' title='bbox 202 1615 231 1664; x_wconf 88' lang='lat' dir='ltr'>in</span> <span class='ocrx_word' id='word_1_101' title='bbox 254 1613 434 1666; x_wconf 83' lang='lat' dir='ltr'>bibliothecis</span> <span class='ocrx_word' id='word_1_102' title='bbox 462 1616 528 1667; x_wconf 89' lang='lat' dir='ltr'>libri</span> <span class='ocrx_word' id='word_1_103' title='bbox 551 1631 606 1667; x_wconf 87' lang='lat' dir='ltr'>non</span> <span class='ocrx_word' id='word_1_104' title='bbox 630 1619 801 1683; x_wconf 85' lang='lat' dir='ltr'>putrescent.</span> <span class='ocrx_word' id='word_1_105' title='bbox 842 1612 913 1664; x_wconf 80' lang='lat' dir='ltr'>Nem</span> 
     </span>
     <span class='ocr_line' id='line_1_19' title="bbox 114 1681 914 1799; baseline -0.004 -66"><span class='ocrx_word' id='word_1_106' title='bbox 114 1696 293 1799; x_wconf 51' lang='lat' dir='ltr'>quaecunqplre</span> <span class='ocrx_word' id='word_1_107' title='bbox 308 1681 343 1732; x_wconf 83' lang='lat' dir='ltr'>ed</span> <span class='ocrx_word' id='word_1_108' title='bbox 357 1683 501 1735; x_wconf 87' lang='lat' dir='ltr'>meridiem</span> <span class='ocrx_word' id='word_1_109' title='bbox 517 1690 546 1736; x_wconf 90' lang='lat' dir='ltr'>et</span> <span class='ocrx_word' id='word_1_110' title='bbox 556 1683 729 1734; x_wconf 85' lang='lat' dir='ltr'>occidentem</span> <span class='ocrx_word' id='word_1_111' title='bbox 742 1685 882 1748; x_wconf 84' lang='lat' dir='ltr'>spectant,</span> <span class='ocrx_word' id='word_1_112' title='bbox 898 1695 914 1730; x_wconf 85' lang='lat' dir='ltr'>s</span> 
     </span>
     <span class='ocr_line' id='line_1_20' title="bbox 113 1747 914 1818; baseline -0.004 -18"><span class='ocrx_word' id='word_1_113' title='bbox 113 1751 196 1801; x_wconf 89' lang='lat' dir='ltr'>tineis</span> <span class='ocrx_word' id='word_1_114' title='bbox 215 1755 244 1801; x_wconf 91' lang='lat' dir='ltr'>et</span> <span class='ocrx_word' id='word_1_115' title='bbox 275 1764 372 1801; x_wconf 91' lang='lat' dir='ltr'>umore</span> <span class='ocrx_word' id='word_1_116' title='bbox 387 1750 452 1800; x_wconf 88' lang='lat' dir='ltr'>libri</span> <span class='ocrx_word' id='word_1_117' title='bbox 463 1752 609 1812; x_wconf 82' lang='lat' dir='ltr'>vitiantur,</span> <span class='ocrx_word' id='word_1_118' title='bbox 629 1749 704 1818; x_wconf 87' lang='lat' dir='ltr'>quod</span> <span class='ocrx_word' id='word_1_119' title='bbox 717 1748 792 1800; x_wconf 83' lang='lat' dir='ltr'>venti</span> <span class='ocrx_word' id='word_1_120' title='bbox 807 1747 914 1799; x_wconf 87' lang='lat' dir='ltr'>humidi</span> 
     </span>
     <span class='ocr_line' id='line_1_21' title="bbox 113 1815 913 1884; baseline -0.005 -15"><span class='ocrx_word' id='word_1_121' title='bbox 113 1817 292 1869; x_wconf 79' lang='lat' dir='ltr'>advenientes</span> <span class='ocrx_word' id='word_1_122' title='bbox 304 1825 453 1884; x_wconf 86' lang='lat' dir='ltr'>procreant</span> <span class='ocrx_word' id='word_1_123' title='bbox 467 1833 515 1870; x_wconf 89' lang='lat' dir='ltr'>eas</span> <span class='ocrx_word' id='word_1_124' title='bbox 530 1825 560 1870; x_wconf 90' lang='lat' dir='ltr'>et</span> <span class='ocrx_word' id='word_1_125' title='bbox 572 1819 663 1880; x_wconf 84' lang='lat' dir='ltr'>alunt,</span> <span class='ocrx_word' id='word_1_126' title='bbox 678 1815 913 1882; x_wconf 85' lang='lat' dir='ltr'>infundentesque</span> 
     </span>
     <span class='ocr_line' id='line_1_22' title="bbox 113 1885 912 1953; baseline -0.004 -18"><span class='ocrx_word' id='word_1_127' title='bbox 113 1885 241 1937; x_wconf 87' lang='lat' dir='ltr'>humidos</span> <span class='ocrx_word' id='word_1_128' title='bbox 256 1886 369 1952; x_wconf 87' lang='lat' dir='ltr'>spiritus</span> <span class='ocrx_word' id='word_1_129' title='bbox 384 1885 490 1953; x_wconf 86' lang='lat' dir='ltr'>pallore</span> <span class='ocrx_word' id='word_1_130' title='bbox 507 1886 649 1937; x_wconf 86' lang='lat' dir='ltr'>volumina</span> <span class='ocrx_word' id='word_1_131' title='bbox 664 1889 851 1950; x_wconf 89' lang='lat' dir='ltr'>corrumpunt.</span> <span class='ocrx_word' id='word_1_132' title='bbox 888 1885 912 1933; x_wconf 81' lang='lat'>2.</span> 
     </span>
     <span class='ocr_line' id='line_1_23' title="bbox 113 1952 914 2019; baseline -0.006 -15"><span class='ocrx_word' id='word_1_133' title='bbox 113 1953 248 2004; x_wconf 80' lang='lat' dir='ltr'>Triclinia</span> <span class='ocrx_word' id='word_1_134' title='bbox 257 1968 343 2005; x_wconf 79' lang='lat' dir='ltr'>verna</span> <span class='ocrx_word' id='word_1_135' title='bbox 351 1960 379 2005; x_wconf 93' lang='lat' dir='ltr'>et</span> <span class='ocrx_word' id='word_1_136' title='bbox 389 1954 559 2005; x_wconf 82' lang='lat' dir='ltr'>autumnalia</span> <span class='ocrx_word' id='word_1_137' title='bbox 573 1952 608 2004; x_wconf 88' lang='lat' dir='ltr'>ad</span> <span class='ocrx_word' id='word_1_138' title='bbox 618 1954 755 2004; x_wconf 89' lang='lat' dir='ltr'>orientem</span> <span class='ocrx_word' id='word_1_139' title='bbox 768 1956 914 2019; x_wconf 87' lang='lat' dir='ltr'>praetenta</span> 
     </span>
     <span class='ocr_line' id='line_1_24' title="bbox 113 2020 914 2087; baseline -0.004 -17"><span class='ocrx_word' id='word_1_140' title='bbox 113 2021 275 2086; x_wconf 85' lang='lat' dir='ltr'>luminibus3</span> <span class='ocrx_word' id='word_1_141' title='bbox 295 2026 353 2071; x_wconf 86' lang='lat' dir='ltr'>tun</span> <span class='ocrx_word' id='word_1_142' title='bbox 364 2022 436 2072; x_wconf 87' lang='lat' dir='ltr'>enim</span> <span class='ocrx_word' id='word_1_143' title='bbox 448 2021 581 2072; x_wconf 87' lang='lat' dir='ltr'>adversus</span> <span class='ocrx_word' id='word_1_144' title='bbox 591 2020 660 2072; x_wconf 89' lang='lat' dir='ltr'>solis</span> <span class='ocrx_word' id='word_1_145' title='bbox 670 2021 789 2087; x_wconf 84' lang='lat' dir='ltr'>impetus</span> <span class='ocrx_word' id='word_1_146' title='bbox 798 2032 914 2085; x_wconf 76' lang='lat' dir='ltr'>progre-</span> 
     </span>
     <span class='ocr_line' id='line_1_25' title="bbox 114 2085 913 2154; baseline -0.001 -18"><span class='ocrx_word' id='word_1_147' title='bbox 114 2087 193 2139; x_wconf 90' lang='lat' dir='ltr'>diens</span> <span class='ocrx_word' id='word_1_148' title='bbox 209 2087 244 2138; x_wconf 91' lang='lat' dir='ltr'>ad</span> <span class='ocrx_word' id='word_1_149' title='bbox 259 2087 433 2139; x_wconf 84' lang='lat' dir='ltr'>occidentem</span> <span class='ocrx_word' id='word_1_150' title='bbox 449 2088 534 2140; x_wconf 81' lang='lat' dir='ltr'>efficit</span> <span class='ocrx_word' id='word_1_151' title='bbox 544 2104 578 2139; x_wconf 88' lang='lat' dir='ltr'>ea</span> <span class='ocrx_word' id='word_1_152' title='bbox 587 2093 742 2154; x_wconf 85' lang='lat' dir='ltr'>temperate</span> <span class='ocrx_word' id='word_1_153' title='bbox 753 2085 788 2136; x_wconf 90' lang='lat' dir='ltr'>ad</span> <span class='ocrx_word' id='word_1_154' title='bbox 802 2085 832 2136; x_wconf 93' lang='lat' dir='ltr'>id</span> <span class='ocrx_word' id='word_1_155' title='bbox 846 2091 913 2143; x_wconf 88' lang='lat' dir='ltr'>tem·</span> 
     </span>
     <span class='ocr_line' id='line_1_26' title="bbox 114 2153 914 2223; baseline -0.004 -19"><span class='ocrx_word' id='word_1_156' title='bbox 114 2169 179 2220; x_wconf 89' lang='lat' dir='ltr'>pus,</span> <span class='ocrx_word' id='word_1_157' title='bbox 195 2169 249 2222; x_wconf 88' lang='lat' dir='ltr'>quo</span> <span class='ocrx_word' id='word_1_158' title='bbox 260 2170 329 2221; x_wconf 92' lang='lat' dir='ltr'>opus</span> <span class='ocrx_word' id='word_1_159' title='bbox 342 2153 483 2223; x_wconf 87' lang='lat' dir='ltr'>[solitum]</span> <span class='ocrx_word' id='word_1_160' title='bbox 493 2162 538 2207; x_wconf 89' lang='lat' dir='ltr'>est</span> <span class='ocrx_word' id='word_1_161' title='bbox 546 2156 596 2206; x_wconf 88' lang='lat' dir='ltr'>uti.</span> <span class='ocrx_word' id='word_1_162' title='bbox 632 2156 745 2207; x_wconf 79' lang='lat' dir='ltr'>Aestiva</span> <span class='ocrx_word' id='word_1_163' title='bbox 755 2153 790 2203; x_wconf 89' lang='lat' dir='ltr'>ad</span> <span class='ocrx_word' id='word_1_164' title='bbox 804 2159 914 2219; x_wconf 90' lang='lat' dir='ltr'>septen·</span> 
     </span>
     <span class='ocr_line' id='line_1_27' title="bbox 115 2220 915 2291; baseline -0.004 -20"><span class='ocrx_word' id='word_1_165' title='bbox 115 2222 246 2283; x_wconf 88' lang='lat' dir='ltr'>trionem,</span> <span class='ocrx_word' id='word_1_166' title='bbox 267 2221 342 2288; x_wconf 90' lang='lat' dir='ltr'>quod</span> <span class='ocrx_word' id='word_1_167' title='bbox 358 2237 392 2273; x_wconf 85' lang='lat' dir='ltr'>ea</span> <span class='ocrx_word' id='word_1_168' title='bbox 404 2224 484 2291; x_wconf 77' lang='lat' dir='ltr'>regio</span> <span class='ocrx_word' id='word_1_169' title='bbox 498 2238 554 2274; x_wconf 90' lang='lat' dir='ltr'>non</span> <span class='ocrx_word' id='word_1_170' title='bbox 568 2230 600 2274; x_wconf 88' lang='lat' dir='ltr'>ut</span> <span class='ocrx_word' id='word_1_171' title='bbox 613 2224 738 2290; x_wconf 84' lang='lat' dir='ltr'>reliquae</span> <span class='ocrx_word' id='word_1_172' title='bbox 751 2234 803 2287; x_wconf 88' lang='lat' dir='ltr'>per</span> <span class='ocrx_word' id='word_1_173' title='bbox 821 2220 915 2271; x_wconf 88' lang='lat' dir='ltr'>solsti-</span> 
     </span>
     <span class='ocr_line' id='line_1_28' title="bbox 115 2287 934 2355; baseline -0.001 -18"><span class='ocrx_word' id='word_1_174' title='bbox 115 2289 182 2338; x_wconf 86' lang='lat' dir='ltr'>tium</span> <span class='ocrx_word' id='word_1_175' title='bbox 192 2295 307 2355; x_wconf 83' lang='lat' dir='ltr'>propter</span> <span class='ocrx_word' id='word_1_176' title='bbox 317 2290 440 2340; x_wconf 88' lang='lat' dir='ltr'>calorem</span> <span class='ocrx_word' id='word_1_177' title='bbox 451 2292 569 2342; x_wconf 86' lang='lat' dir='ltr'>efficitur</span> <span class='ocrx_word' id='word_1_178' title='bbox 579 2298 723 2352; x_wconf 89' lang='lat' dir='ltr'>aestuosa,</span> <span class='ocrx_word' id='word_1_179' title='bbox 739 2302 773 2340; x_wconf 89' lang='lat' dir='ltr'>eo</span> <span class='ocrx_word' id='word_1_180' title='bbox 785 2287 860 2354; x_wconf 90' lang='lat' dir='ltr'>quod</span> <span class='ocrx_word' id='word_1_181' title='bbox 872 2292 917 2337; x_wconf 91' lang='lat' dir='ltr'>est</span> <span class='ocrx_word' id='word_1_182' title='bbox 931 2335 934 2342; x_wconf 84' lang='grc'><strong>,</strong></span> 
     </span>
    </p>
   </div>
   <div class='ocr_carea' id='block_1_6' title="bbox 112 2354 918 2695">
    <p class='ocr_par' dir='ltr' id='par_1_6' title="bbox 112 2354 918 2695">
     <span class='ocr_line' id='line_1_29' title="bbox 115 2354 916 2426; baseline 0 -22"><span class='ocrx_word' id='word_1_183' title='bbox 115 2370 213 2406; x_wconf 84' lang='lat' dir='ltr'>aversa</span> <span class='ocrx_word' id='word_1_184' title='bbox 227 2356 321 2407; x_wconf 90' lang='lat' dir='ltr'>asolis</span> <span class='ocrx_word' id='word_1_185' title='bbox 337 2372 436 2421; x_wconf 88' lang='lat' dir='ltr'>cursu,</span> <span class='ocrx_word' id='word_1_186' title='bbox 451 2373 562 2425; x_wconf 91' lang='lat' dir='ltr'>semper</span> <span class='ocrx_word' id='word_1_187' title='bbox 575 2358 742 2426; x_wconf 80' lang='lat' dir='ltr'>refrigerata</span> <span class='ocrx_word' id='word_1_188' title='bbox 756 2360 786 2406; x_wconf 85' lang='lat' dir='ltr'>et</span> <span class='ocrx_word' id='word_1_189' title='bbox 798 2354 916 2405; x_wconf 85' lang='lat' dir='ltr'>salubri-</span> 
     </span>
     <span class='ocr_line' id='line_1_30' title="bbox 114 2421 916 2493; baseline -0.004 -20"><span class='ocrx_word' id='word_1_190' title='bbox 114 2430 200 2474; x_wconf 90' lang='lat' dir='ltr'>tatem</span> <span class='ocrx_word' id='word_1_191' title='bbox 222 2428 251 2473; x_wconf 88' lang='lat' dir='ltr'>et</span> <span class='ocrx_word' id='word_1_192' title='bbox 266 2424 439 2491; x_wconf 84' lang='lat' dir='ltr'>voluptatem</span> <span class='ocrx_word' id='word_1_193' title='bbox 458 2426 486 2476; x_wconf 88' lang='lat' dir='ltr'>in</span> <span class='ocrx_word' id='word_1_194' title='bbox 505 2442 557 2476; x_wconf 87' lang='lat' dir='ltr'>usu</span> <span class='ocrx_word' id='word_1_195' title='bbox 574 2431 707 2493; x_wconf 84' lang='lat' dir='ltr'>praestat.</span> <span class='ocrx_word' id='word_1_196' title='bbox 743 2421 806 2475; x_wconf 91' lang='lat' dir='ltr'>Non</span> <span class='ocrx_word' id='word_1_197' title='bbox 825 2422 916 2472; x_wconf 90' lang='lat' dir='ltr'>minus</span> 
     </span>
     <span class='ocr_line' id='line_1_31' title="bbox 112 2489 917 2559; baseline -0.004 -19"><span class='ocrx_word' id='word_1_198' title='bbox 112 2489 312 2557; x_wconf 87' lang='lat' dir='ltr'>pinacothecae</span> <span class='ocrx_word' id='word_1_199' title='bbox 327 2499 356 2542; x_wconf 93' lang='lat' dir='ltr'>et</span> <span class='ocrx_word' id='word_1_200' title='bbox 369 2493 569 2559; x_wconf 87' lang='lat' dir='ltr'>plumariorum</span> <span class='ocrx_word' id='word_1_201' title='bbox 585 2495 709 2545; x_wconf 84' lang='lat' dir='ltr'>textrina</span> <span class='ocrx_word' id='word_1_202' title='bbox 723 2491 917 2558; x_wconf 84' lang='lat' dir='ltr'>pictorumque</span> 
     </span>
     <span class='ocr_line' id='line_1_32' title="bbox 113 2560 918 2626; baseline -0.005 -18"><span class='ocrx_word' id='word_1_203' title='bbox 113 2560 254 2622; x_wconf 82' lang='lat' dir='ltr'>officinae,</span> <span class='ocrx_word' id='word_1_204' title='bbox 274 2560 316 2609; x_wconf 92' lang='lat' dir='ltr'>uti</span> <span class='ocrx_word' id='word_1_205' title='bbox 330 2561 441 2612; x_wconf 88' lang='lat' dir='ltr'>colores</span> <span class='ocrx_word' id='word_1_206' title='bbox 458 2575 554 2611; x_wconf 90' lang='lat' dir='ltr'>eorum</span> <span class='ocrx_word' id='word_1_207' title='bbox 569 2562 597 2610; x_wconf 94' lang='lat' dir='ltr'>in</span> <span class='ocrx_word' id='word_1_208' title='bbox 619 2575 702 2626; x_wconf 91' lang='lat' dir='ltr'>opere</span> <span class='ocrx_word' id='word_1_209' title='bbox 718 2565 833 2626; x_wconf 85' lang='lat' dir='ltr'>propter</span> <span class='ocrx_word' id='word_1_210' title='bbox 853 2571 918 2606; x_wconf 88' lang='lat' dir='ltr'>con-</span> 
     </span>
     <span class='ocr_line' id='line_1_33' title="bbox 112 2624 868 2695; baseline -0.003 -19"><span class='ocrx_word' id='word_1_211' title='bbox 112 2628 243 2679; x_wconf 83' lang='lat' dir='ltr'>stentiam</span> <span class='ocrx_word' id='word_1_212' title='bbox 253 2626 365 2680; x_wconf 87' lang='lat' dir='ltr'>luminis</span> <span class='ocrx_word' id='word_1_213' title='bbox 376 2629 522 2680; x_wconf 86' lang='lat' dir='ltr'>immutata</span> <span class='ocrx_word' id='word_1_214' title='bbox 531 2634 712 2695; x_wconf 81' lang='lat' dir='ltr'>permaneant</span> <span class='ocrx_word' id='word_1_215' title='bbox 723 2624 868 2692; x_wconf 83' lang='lat' dir='ltr'>qualitate.</span> 
     </span>
    </p>
   </div>
   <div class='ocr_carea' id='block_1_7' title="bbox 0 0 1037 3090">
    <p class='ocr_par' dir='ltr' id='par_1_7' title="bbox 0 0 1037 3090">
     <span class='ocr_line' id='line_1_34' title="bbox 0 0 1037 3090; baseline 0 0"><span class='ocrx_word' id='word_1_216' title='bbox 0 0 1037 3090; x_wconf 95' lang='lat' dir='ltr'> </span> 
     </span>
    </p>
   </div>
  </div>
 </body>
</html>
