2054 3090
162 184 324 256 ''nrnen
340 204 374 258 v.
403 205 486 258 cnr.
504 204 558 258 xi.
728 197 781 259 ln

78 307 220 359 eriiciatur
230 307 341 374 duplex,
353 307 524 373 amplissima
534 307 697 359 latitudine:
711 308 778 359 alte·

78 375 185 441 rplices,
196 376 236 425 ita
245 374 346 436 iactae,
358 376 399 425 uti
409 376 438 424 in
447 376 581 442 partibus,
593 389 664 441 quae
674 374 779 425 fuerint

79 442 188 492 arietes
203 448 232 492 et
245 457 316 509 quae
327 449 408 492 erunt
417 442 452 492 ad
466 442 622 504 columnas,
636 443 777 509 margines

79 515 98 560 it
109 510 151 559 uti
165 510 279 561 semitas
292 525 348 559 non
361 510 451 559 minus
470 510 571 576 pedum
589 508 702 571 denum,
722 524 777 559 me-

79 590 107 627 re
118 583 293 638 excavatum,
304 577 345 627 uti
355 577 457 643 gradus
467 577 524 627 bini
536 578 592 627 sint
601 577 630 626 in
641 576 777 628 descensu

79 644 175 700 inibus
186 644 381 711 sesquipedem
392 643 428 694 ad
456 644 593 694 lanitiem:
608 658 679 710 quae
691 644 778 711 plani-

79 728 84 761 :
97 725 132 760 ne
146 712 236 761 minus
246 711 331 776 pedes
342 711 402 762 xli.
436 657 481 761 fta
494 712 541 780 qui
550 712 644 762 vestiti
657 712 778 763 ambula·

82 779 186 828 circum
196 781 224 828 in
235 778 407 846 marginibus
417 792 473 828 non
482 778 669 845 impedientur
682 780 716 830 ab
730 794 778 830 un·

80 846 284 896 exercentibus.
320 846 345 895 4.
364 845 444 896 Haec
453 851 545 895 autem
556 846 680 912 porticus
691 843 779 900 toanis

80 911 190 963 iraecos
206 914 356 975 vocitatur,
375 912 450 978 quod
463 911 586 963 athletae
600 927 651 978 per
663 912 780 964 hiberna

80 995 105 1029 ·a
117 980 145 1030 in
164 981 246 1031 tectis
261 979 359 1031 stadiis
372 986 546 1031 exercentur.
581 979 713 1030 Proxime
733 995 779 1030 au-

80 1053 164 1103 ¹rstum
184 1054 213 1097 et
231 1048 368 1114 duplicem
382 1048 520 1113 porticum
531 1046 713 1113 designentur
731 1045 779 1112 hy-

81 1128 111 1164 ae
132 1115 347 1175 ambulationes,
367 1129 436 1180 quas
451 1113 553 1168 Graeci
572 1112 779 1178 παραδρημίδας,

81 1187 164 1248 xysta
177 1182 329 1298 apphellant,
344 1181 373 1230 in
384 1195 451 1297 guas
461 1194 512 1245 per
522 1178 640 1229 hiemem
651 1194 685 1230 ex
695 1186 778 1247 xysto

96 1249 177 1300 coelo
192 1256 220 1299 at
239 1250 314 1299 letae
331 1261 382 1313 pro
404 1254 501 1297 euntes
520 1253 693 1297 exercentur.
728 1247 780 1297 Fa·

93 1322 184 1366 autem
199 1322 283 1383 xysta
296 1315 337 1364 sic
349 1313 489 1376 ridentur,
506 1319 538 1363 ut
555 1313 611 1364 sint
623 1313 698 1365 inter
711 1314 779 1366 duas

81 1399 101 1432 rs
112 1384 209 1450 sylvae
220 1389 267 1432 aut
277 1382 454 1448 platanones,
470 1387 499 1431 et
508 1381 537 1431 in
547 1379 590 1430 his
600 1382 780 1448 perficiantur

82 1450 176 1500 rbores
190 1449 406 1511 ambulationes,
421 1448 515 1516 ibique
527 1463 561 1499 ex
572 1464 657 1515 opere
668 1451 779 1518 signino

84 1532 123 1567 es.
159 1516 229 1569 Post
247 1523 361 1584 xystum
379 1523 471 1567 autam
490 1516 610 1568 stadium
622 1517 662 1568 ita
681 1518 780 1586 ligura-

81 1592 102 1635 1t
124 1588 234 1651 possint
257 1586 399 1637 hominurn
423 1588 521 1655 copiae
541 1604 602 1638 cum
621 1589 779 1639 laxamento

85 1671 96 1697 n
109 1658 248 1702 certantes
259 1660 394 1719 spectare.

83 1729 108 1764 ic
118 1715 147 1763 in
157 1716 302 1767 moenibus
312 1717 649 1769 necessariaridebantur
659 1732 736 1779 esse,
752 1723 781 1767 ut

84 1787 245 1848 sponantur,
255 1784 415 1852 perscripsi.

267 1883 402 1936 CAPUT
427 1884 496 1936 xil.

86 1967 196 2018 rtubur
216 1976 245 2018 et
262 1976 436 2020 structuris
453 1967 487 2019 in
508 1983 591 2036 apsa
605 1966 779 2037 faciendis.

84 2053 291 2118 opportunitate
302 2058 393 2103 autem
402 2057 531 2121 portuum
541 2059 651 2104 nonest
661 2058 781 2120 praeter·

84 2119 154 2180 ium,
169 2120 220 2169 sed
234 2119 333 2186 quibus
346 2119 502 2170 rationibus
515 2125 646 2170 tueantur
655 2133 739 2171 naves
752 2121 780 2169 in

84 2187 301 2252 tempestatibus,
317 2186 518 2253 explicandum.
553 2186 591 2237 Hi
603 2193 694 2237 autem
704 2193 780 2237 natu-

89 2254 112 2303 si
123 2254 257 2304 sintbene
267 2255 365 2320 positi,
381 2253 555 2320 habeantque
569 2255 709 2305 acroteria
722 2255 780 2305 sive

84 2322 170 2371 storia
184 2322 388 2387 procurrentia,
407 2335 442 2373 ex
455 2321 555 2388 quibus
568 2322 707 2372 introrsus
722 2337 780 2372 cur-

84 2403 94 2437 e
107 2388 166 2438 sive
181 2403 312 2439 versurae
327 2404 362 2439 ex
375 2388 433 2439 loci
446 2394 544 2439 natura
553 2388 659 2439 fuerint
671 2388 782 2439 conior·

90 2456 225 2506 maximas
236 2456 373 2507 utilitates
384 2455 513 2507 ridentur
523 2455 636 2507 habere.
672 2455 781 2506 Circum

85 2523 194 2572 orticus
214 2524 272 2573 sive
296 2523 406 2574 navalia
425 2528 491 2575 sunt
508 2522 651 2584 facienda,
671 2522 730 2573 sive
747 2537 782 2574 ex

85 2589 132 2639 bus
148 2589 239 2641 aditus
254 2590 289 2641 ad
303 2591 441 2658 emporia,
455 2596 603 2656 turresque
617 2603 652 2641 ex
664 2595 781 2657 utraque

85 2656 272 2720 rollocandae,
298 2658 452 2726 exquibus
472 2664 587 2709 catenae
607 2658 715 2709 traduci
733 2672 782 2776 per

86 2738 121 2774 ns
136 2726 253 2793 possint.
289 2727 314 2777 2.
334 2725 383 2780 Sin
397 2732 490 2779 eutem
503 2741 559 2777 non
573 2727 727 2778 naturalem
753 2742 781 2776 o·

86 2800 125 2842 rn
549 2793 586 2850 li
