2054 3090
347 119 471 172 LlBEli
487 123 524 175 ll.
554 122 637 174 CAP.
656 122 677 176 l.
881 123 914 177 33

107 224 160 272 etc
171 220 369 289 quibusrebus
381 230 457 275 esset
465 230 531 275 nata
539 224 643 277 dicero:
652 226 747 293 itaque
756 225 823 292 quid
833 241 915 292 opor-

107 293 166 339 teat
176 303 242 340 esso
252 289 282 340 in
293 287 457 354 architecto,
468 291 507 342 ibi
517 294 707 358 pronunciavi.
733 292 812 360 Ergo
822 294 913 360 inpri-

107 371 152 406 mo
167 356 203 406 de
218 356 288 408 artis
302 358 408 420 officio,
426 359 455 408 in
469 357 523 410 hoc
537 360 572 411 de
589 361 763 412 natiualibus
779 362 913 411 materiae

109 423 206 488 rebus,
217 438 304 491 quem
317 423 438 477 habeant
451 443 530 477 usum
540 427 699 494 disputabo.
734 427 859 493 Namque
870 427 914 478 hic

108 490 181 542 liber
190 505 247 542 non
258 491 414 557 profitetur,
431 494 502 545 unde
513 493 700 547 architectura
709 501 853 557 nascatur,
865 496 915 545 sed
958 543 962 552 ,

109 558 182 609 unde
193 559 319 625 origines
330 559 521 612 aedificiorum
531 563 587 613 sint
599 563 758 625 institutae,
774 570 803 614 et
816 562 914 629 quibus

110 625 266 676 rationibus
278 627 417 678 enutritae
431 634 461 678 et
475 643 641 697 progressae
656 631 713 680 sint
729 631 867 697 gradatim
880 631 914 679 ad

110 690 181 744 hanc
191 693 354 744 finitionem.
377 693 401 745 9.
414 695 488 762 Ergo
499 695 539 746 ita
548 712 599 747 suo
611 696 708 748 ordine
719 702 748 747 et
757 697 820 747 loco
833 696 914 747 huius

111 761 166 810 erit
176 760 324 811 voluminis
336 762 509 814 constitutio.
544 763 569 813 N
571 779 624 815 unc
634 770 759 815 revertar
769 764 804 814 ad
814 780 914 830 propo-

109 827 203 890 situm,
213 833 242 879 et
251 827 286 878 de
297 829 394 894 copiis,
405 844 476 896 quac
488 835 569 896 aptae
579 837 644 882 sunt
653 831 843 881 aedificiorum
855 846 914 896 per-

111 893 288 958 fectionibus,
300 897 531 962 quemadmodum
540 899 687 949 rideantur
698 913 760 949 esse
771 898 805 948 ab
817 905 916 948 natura

110 976 203 1013 rerum
212 969 389 1028 procreatae,
404 965 559 1031 quibusque
570 964 750 1016 mixtionibus
764 966 914 1030 principio-

111 1044 170 1080 rum
181 1043 349 1096 cnngrcssus
359 1038 561 1098 temperentur,
575 1047 610 1082 ne
621 1031 740 1082 obscura
750 1032 800 1082 scd
810 1032 915 1097 perspi-

111 1110 163 1148 cua
173 1096 331 1164 legentibus
341 1098 405 1161 sint,
416 1098 615 1150 ratiocinabor.
636 1097 761 1163 Namque
772 1098 850 1148 nulla
858 1114 914 1148 ma-

110 1163 245 1215 teriarum
258 1178 364 1232 genera
376 1180 466 1233 neque
481 1180 601 1231 corpora
614 1179 760 1231 aequares
771 1165 831 1215 sinc
842 1165 915 1232 prin-

111 1231 250 1298 cipiorum
267 1237 351 1284 coetu
363 1234 442 1284 nasci
456 1247 546 1300 neque
560 1232 662 1283 subiici
677 1231 835 1283 intellectui
851 1248 915 1299 pos·

110 1304 188 1361 sunt,
203 1312 292 1365 neque
307 1299 390 1351 aliter
404 1306 503 1353 natura
513 1315 605 1351 rerum
615 1301 773 1367 praeceptis
784 1299 914 1368 physico·

110 1381 171 1417 rum
180 1379 261 1418 veras
272 1367 376 1432 patitur
386 1366 489 1420 habere
504 1369 720 1435 explicationes,
735 1368 790 1418 nisi
804 1383 914 1430 causae,

112 1448 183 1502 quae
196 1433 291 1484 insunt
301 1433 329 1484 in
344 1432 387 1486 bis
400 1435 497 1498 rebus,
532 1436 744 1487 uemadmodum
759 1442 788 1487 et
799 1436 865 1503 quid
874 1436 916 1488 ita

111 1501 180 1564 siut,
194 1499 343 1554 subtilibus
353 1451 641 1556 rationibusirabeant
651 1505 914 1555 demonstrationes.

123 1686 163 1738 De
172 1686 313 1756 principiis
323 1602 561 1740 rerumieinliiiiin
570 1604 745 1757 inimicorum
759 1687 904 1755 opiniones.

162 1769 266 1823 Thales
286 1772 397 1839 quidem
415 1772 533 1838 primum
552 1788 651 1840 aquam
668 1773 776 1839 putarit
793 1773 913 1824 omnium

111 1853 204 1899 rerum
224 1853 287 1890 csse
305 1840 478 1906 principium.
514 1840 675 1892 Heraclitus
694 1838 846 1905 Ephesius,
867 1841 914 1905 qui

111 1910 227 1972 propter
240 1906 439 1960 obscuritatem
453 1908 620 1974 scriptorum
631 1923 647 1956 a
658 1907 774 1957 Graecis
786 1907 914 1961 σκοτεινὸς

112 1979 158 2024 est
169 1973 338 2039 appellatus,
351 1975 453 2042 ignem.
489 1974 668 2026 Democritus
683 1973 784 2038 quique
798 1987 859 2023 eum
871 1988 913 2024 sc-

112 2045 192 2092 cutus
207 2046 251 2091 est
259 2040 409 2108 Epicurus,
424 2049 545 2104 atomos,
562 2055 632 2108 quae
646 2040 737 2089 nostri
749 2040 915 2092 insecabilia

113 2121 240 2175 corpora,
251 2109 376 2160 nonnulli
386 2109 536 2171 individua,
547 2108 748 2160 vocitaverunt.
771 2107 913 2176 Pythago-

112 2189 224 2226 reorum
242 2189 309 2227 vcro
328 2175 475 2243 disciplina
492 2176 595 2226 adiecit
612 2175 647 2225 ad
665 2190 764 2241 aquam
778 2182 807 2226 ct
819 2177 912 2244 ignem

112 2245 178 2294 aira
187 2248 216 2294 ct
224 2248 373 2295 terrenum.
395 2245 470 2311 Ergo
480 2242 659 2294 Democritus
670 2242 724 2293 etsi
734 2258 789 2294 non
800 2245 913 2310 proprie

112 2324 157 2361 res
171 2310 336 2374 nominavit,
351 2311 402 2362 sed
414 2317 520 2364 tantum
530 2309 673 2361 individua
683 2324 803 2376 corpora
812 2325 913 2377 propo·

111 2377 180 2440 suit,
193 2376 258 2429 ideo
269 2392 304 2429 aa
312 2378 374 2445 ipsa
384 2379 488 2430 dixisse
501 2378 620 2440 videtur,
632 2376 707 2444 quod
717 2391 762 2440 ea,
777 2393 838 2428 cum
849 2385 914 2430 sunt

112 2445 259 2509 disiuncta,
273 2459 325 2496 nec
339 2445 486 2498 laeduntur
499 2460 551 2497 nec
565 2445 755 2496 interitionem
766 2446 912 2512 recipiunt,

111 2527 163 2564 nec
172 2512 345 2565 cantionibus
356 2513 579 2576 dividuntur,scd
589 2512 758 2578 sempiterno
771 2527 841 2564 acro
852 2528 912 2579 per-

110 2579 337 2648 pctuoinfinitam
346 2581 469 2633 retinent
478 2581 507 2631 in
516 2595 546 2632 se
557 2580 738 2632 soliditatem.
774 2581 798 2632 2.
817 2579 913 2632 Exhis

110 2665 192 2770 crgp'
197 2647 415 2717 congruentibus
430 2663 492 2701 cum
508 2664 553 2701 res
572 2662 668 2700 omncs
684 2647 762 2769 ppire
779 2649 912 2716 nascique
