2054 3090
283 192 411 283 erere
428 228 466 285 rr.
496 231 580 284 cnr.
599 232 651 284 rra
835 230 868 283 so

62 330 170 384 ratione
184 335 391 399 procreationis
405 341 449 386 est
459 335 620 396 liberatum,
636 333 765 384 inanibus
783 339 812 384 et
821 349 866 402 pa-

63 401 184 451 tentibus
196 402 274 451 venis
282 401 311 450 in
321 416 351 450 se
363 402 462 467 recipit
472 408 501 452 et
510 401 776 452 lambendosuccum
784 402 866 450 etiam

63 467 210 517 solidescit
220 476 253 517 et
271 467 345 517 redit
362 469 390 517 in
406 469 551 534 pristinam
568 476 683 519 naturae
700 468 867 517 firmitatem.

65 535 87 584 l.
104 533 214 589 Eadem
222 535 332 584 ratione
346 536 497 585 autumnali
505 542 631 601 tempore
642 536 801 585 maturitate
812 533 868 584 fru-

65 607 157 652 ctuum
167 599 353 652 flaccescente
363 601 477 664 fronde,
489 617 524 653 ex
533 609 609 652 terra
617 604 785 669 recipientes
796 601 868 651 radi·

10 730 12 737 Ι
65 681 108 718 ces
120 667 253 718 arborum
263 669 291 717 in
302 682 332 718 se
344 684 456 719 succum
466 676 666 735 recuperantur
676 676 705 719 et
719 671 868 720 restituun-

64 742 107 784 tur
119 735 152 785 in
168 735 310 800 antiquam
324 736 504 786 soliditatem.
539 738 574 786 At
587 751 654 787 vero
671 738 743 786 aeris
759 735 868 785 hiberni

65 803 103 852 ris
113 802 276 867 comprimit
285 808 314 852 et
323 803 482 854 consolidat
493 818 540 853 eas
550 818 600 869 per
614 804 697 866 idlut
707 819 790 868 supra
801 803 868 853 scri-

65 875 141 934 ptum
151 872 207 933 est)
218 875 335 935 tempus.
362 869 438 936 Ergo
448 871 473 920 si
486 870 638 920 caradoco
650 877 678 919 et
688 885 721 920 eo
732 876 867 935 tempore,

64 935 140 1003 quod
149 950 234 1002 supra
243 937 376 1003 scriptum
386 943 438 999 est,
449 937 576 988 caeditur
585 937 725 997 materies,
737 938 790 986 erit
801 943 867 986 tem-

79 1004 179 1053 estiva.
212 1002 236 1053 3.
253 1004 340 1054 Caedi
352 1011 444 1055 autem
454 1005 494 1054 ita
505 1010 625 1070 oportet,
636 1010 667 1054 ut
677 1003 816 1053 incidatur
826 1018 867 1051 ar·-

62 1018 139 1120 Eoris
157 1070 313 1121 crassitudo
331 1072 366 1121 ad
380 1072 499 1121 mediam
514 1070 677 1132 medullam,
692 1076 720 1119 et
730 1069 867 1134 relinqua-

63 1143 120 1199 tur,
139 1137 183 1186 uti
197 1151 248 1202 per
262 1151 322 1187 eam
338 1140 511 1190 exsiccescat
531 1136 664 1187 stillando
681 1151 789 1186 succus.
826 1135 866 1184 lta

63 1205 109 1270 qui
122 1203 199 1253 inest
213 1204 242 1253 in
258 1202 301 1254 his
315 1205 422 1255 inutilis
438 1205 531 1270 liquor
547 1202 662 1253 effluens
676 1217 727 1267 per
737 1201 866 1262 torulum,

63 1283 118 1321 non
127 1270 252 1335 patietur
263 1273 350 1322 em‘ori
359 1273 388 1321 in
399 1287 433 1322 eo
444 1273 563 1333 saniem,
575 1284 627 1320 nec
638 1269 867 1334 corrumpimate-

64 1338 306 1404 riae-qualitatem.
343 1340 422 1389 Tunc
432 1345 524 1390 autem
536 1353 598 1389 cum
609 1337 684 1388 sicca
695 1343 723 1387 et
737 1337 797 1386 sine
809 1336 866 1386 stil-

64 1406 96 1455 lis
112 1405 168 1456 erit
184 1405 281 1467 arbor,
299 1405 457 1470 deiiciatur,
474 1412 503 1456 et
517 1407 559 1456 ita
574 1405 629 1456 erit
642 1406 747 1470 optima
761 1405 789 1453 in
805 1420 865 1454 usu.

62 1473 85 1521 4.
104 1471 170 1522 lloc
181 1478 272 1522 autem
282 1473 323 1522 ita
333 1488 410 1535 esse,
425 1475 494 1524 licet
503 1472 723 1524 animadvertere
735 1472 818 1522 etiam
832 1471 866 1520 de

63 1539 199 1589 arbustis:
233 1554 267 1589 ea
286 1541 359 1590 enim
382 1557 442 1590 cum
461 1556 512 1592 suo
535 1555 660 1607 quaeque
680 1547 805 1605 tempore
833 1538 868 1588 ad

64 1607 147 1656 imum
160 1605 306 1721 perforata
323 1614 491 1670 castrantur,
510 1607 683 1673 profundunt
702 1623 717 1656 e
736 1606 866 1656 medullis

63 1688 144 1739 quem
180 1672 264 1723 abent
278 1675 306 1724 in
321 1690 351 1725 se
363 1681 539 1740 superantem
550 1680 579 1725 et
587 1676 719 1725 vitiosum
729 1689 779 1739 per
793 1672 867 1722 fora-

63 1741 137 1789 mina
146 1738 298 1805 liquorem,
310 1743 388 1792 etita
398 1742 578 1793 siccescendo
588 1742 760 1807 recipiuntin
771 1755 801 1790 se
809 1739 867 1789 diu-

63 1807 234 1857 turnitatem.
271 1808 324 1867 Qui
349 1815 441 1859 autem
461 1824 516 1859 non
542 1808 645 1859 habent
666 1823 700 1859 ex
720 1806 866 1857 arboribus

63 1875 154 1924 exitus
170 1871 313 1935 humores,
329 1876 403 1925 intra
419 1882 633 1926 concrescentes
647 1879 823 1940 putrescunt,
840 1879 869 1922 et

63 1941 187 1990 efficiunt
200 1941 298 1989 inanes
314 1955 361 1990 eas
378 1947 406 1990 et
423 1943 548 1993 vitiosas.
584 1943 659 2007 Ergo
676 1941 700 1990 si
715 1946 821 1989 stantes
840 1946 868 1989 et

62 2008 142 2057 vivae
153 2006 333 2057 siccescendo
345 2015 556 2070 consenescunt,
566 2010 626 2058 sine
638 2006 721 2057 dubio
733 2021 794 2056 cum
806 2021 867 2055 eae-

63 2074 126 2124 dem
137 2073 171 2123 ad
180 2073 325 2124 materiam
336 2074 510 2135 deliniuntur,
522 2090 583 2124 cum
594 2089 628 2124 ea
636 2074 745 2124 ratione
755 2071 866 2122 curatae

62 2139 181 2202 fuerint,
197 2139 300 2190 habere
316 2147 448 2207 poterunt
461 2156 575 2207 magnas
585 2142 614 2190 in
625 2140 761 2190 aedificiis
776 2141 811 2191 ad
821 2156 866 2190 ve-

62 2213 196 2258 tustatem
214 2207 361 2258 utilitates.
396 2207 421 2258 5.
440 2208 497 2257 Eae
519 2213 611 2257 autem
625 2209 699 2259 inter
716 2222 746 2258 se
764 2208 866 2258 discre-

61 2280 160 2340 pantes
172 2280 201 2324 et
211 2275 360 2325 dissimiles
373 2274 475 2325 habent
483 2275 610 2337 virtutes,
621 2280 652 2325 ut
660 2275 754 2337 robur,
765 2275 866 2336 ulmos,

61 2340 197 2406 populus,
208 2348 365 2408 cupressus,
377 2342 454 2392 abies
465 2348 494 2392 et
505 2348 616 2393 ceterae
628 2357 698 2409 quae
709 2343 827 2392 maxime
837 2343 865 2391 in

63 2407 200 2457 aediliciis
216 2415 281 2459 sunt
296 2409 424 2460 idoneae.
459 2408 585 2476 Namque
601 2423 657 2459 non
671 2415 765 2474 potest
777 2410 807 2459 id
821 2423 866 2457 ro-

61 2474 128 2536 bur,
139 2474 213 2540 quod
224 2475 314 2539 abies,
325 2491 377 2527 nec
389 2491 549 2543 cupressus,
561 2477 636 2543 quod
647 2476 748 2538 ulmus,
760 2490 811 2525 nec
823 2490 866 2525 ce·

61 2548 140 2592 terae
156 2541 268 2592 eosdem
281 2542 385 2594 hubent
396 2544 471 2594 inter
486 2559 516 2594 se
525 2550 623 2594 natura
636 2557 729 2594 rerum
740 2542 865 2591 similita-

61 2614 118 2671 tes;
142 2608 192 2659 sed
202 2609 312 2677 singula
319 2612 635 2682 genereprincipiorum
647 2609 873 2681 proprietatibus

54 2680 212 2733 comparata
233 2676 308 2728 alios
326 2678 378 2731 alii
396 2683 514 2751 generis
529 2689 684 2757 praestant
696 2684 730 2738 in
745 2680 889 2753 operibns

40 2733 227 2848 manha
246 2742 288 2794 E*
302 2746 431 2812 Primum
459 2756 546 2817 abies
563 2757 792 2891 aerisnlrebens
808 2751 907 2825 pluri-
