2054 3090
108 243 143 296 22
312 240 367 291 DE
393 239 712 294 ARCHITECTURA

110 342 251 411 aeolipilis
262 343 354 394 aereis
365 343 433 394 licet
441 344 579 409 aspicere,
594 342 666 394 etde
677 340 830 394 latentibus
840 340 915 396 coeli

112 411 266 463 rationibus
282 411 443 461 artificiosis
457 425 549 460 rerum
562 409 768 464 inventionibus
783 409 915 461 divinatis

111 480 265 546 exprimere
278 478 433 528 veritatem.
465 477 553 528 ¹Fiunt
564 478 636 527 enim
651 477 800 544 aeolipilae
814 491 915 528 aereae

112 561 208 610 cavae;
219 544 514 610 haehabentpunctum
525 545 759 611 angustissimum,
766 557 915 612 quoequae

112 613 304 673 infunduntur,
317 611 490 661 collocantur
510 626 544 661 ue
556 611 591 661 ad
600 612 705 678 ignem,
721 617 750 662 et
759 617 824 661 ante
834 626 915 678 quam

111 681 264 740 calescant,
281 693 336 728 non
352 675 454 728 habent
469 627 554 728 ulium
568 679 708 744 spiritum3
727 676 915 729 simulantem

111 753 142 798 ut
151 746 261 796 fervere
273 746 430 810 coeperint,
443 746 566 795 efficiunt
576 745 610 794 ad
620 746 714 811 ignem
724 743 915 796 vehementem

112 813 215 864 flatum.
251 813 293 862 lta
308 813 381 862 scire
399 818 426 862 et
439 812 564 862 iudicare
578 811 646 862 licet
660 827 674 861 e
688 827 774 878 parvo
786 811 916 862 brevissi-

110 895 212 947 moque
224 879 384 945 spectaculo
396 879 429 929 de
438 879 546 946 magnis
554 885 582 929 et
592 878 757 930 immanibus
768 877 842 929 coeli
853 893 915 929 ren·

112 955 259 1013 torumque
270 953 384 996 naturae
395 945 558 996 rationibus.
595 946 619 996 3.
640 946 694 1007 Qui
705 946 729 997 si
739 944 848 996 exclusi
856 943 916 996 fue·

114 1017 177 1076 rint,
184 1031 238 1064 non
249 1013 338 1064 solum
350 1014 471 1064 efficient
481 1013 646 1079 corporibus
657 1012 812 1064 valentibus
822 1012 916 1063 locum

113 1082 265 1143 salubrem,
281 1082 330 1131 sed
345 1081 428 1131 etiam
439 1081 464 1130 si
474 1081 520 1146 qui
531 1080 621 1130 morbi
632 1095 666 1131 ex
677 1080 740 1130 aliis
750 1080 827 1141 vitiis
840 1078 916 1131 forte

114 1155 274 1211 nascentur,
290 1149 336 1215 qui
350 1149 379 1198 in
389 1148 491 1198 ceteris
505 1146 663 1198 salubribus
676 1147 747 1198 locis
758 1145 861 1198 habent
870 1161 916 1197 cu-

113 1218 237 1267 rationes
247 1217 401 1266 medicinae
413 1216 583 1276 contrariae,
597 1215 626 1264 in
635 1213 678 1264 his
689 1220 803 1294 propter
812 1219 916 1279 tempe·

114 1290 235 1334 raturam
247 1282 730 1349 exclusionisventorumexpeditius
738 1280 915 1332 curabuntur.

115 1348 193 1400 Vitia
206 1355 297 1399 autem
313 1356 388 1411 sunt,
403 1364 474 1415 quae
485 1349 633 1399 difficulter
648 1355 779 1400 curantur
788 1348 916 1416 inregio-

113 1417 207 1479 nibus,
219 1430 289 1482 quae
300 1422 364 1466 sunt
374 1431 457 1481 supra
467 1415 600 1481 scriptae,
609 1415 691 1479 haee,
702 1414 863 1483 gravitudo,
874 1429 916 1465 ar-

113 1483 231 1545 teriaca,
246 1483 345 1544 tussis,
361 1483 501 1549 pleuritis,
515 1481 647 1548 phthisis,
659 1483 802 1550 sanguinis
813 1482 915 1532 eiectio

115 1557 143 1601 et
153 1556 256 1612 cetera,
264 1563 334 1614 quae
345 1564 399 1599 non
410 1550 639 1613 detractionibus,
651 1545 702 1601 sed
712 1549 916 1600 adiectionibus

115 1623 253 1667 curantur.
282 1615 361 1666 Haec
371 1617 435 1667 ideo
447 1617 594 1668 difficulter
604 1617 785 1679 medicantur,
799 1617 915 1682 primum

115 1685 189 1751 quod
203 1699 237 1734 ex
251 1683 404 1750 frigoribus
419 1684 623 1751 concipiuntur3
643 1685 744 1735 deinde
756 1683 830 1751 quod
840 1681 917 1734 defa-

114 1752 212 1819 tigatis
225 1750 323 1800 morbo
337 1751 442 1801 viribus
457 1766 565 1814 eorum,
581 1755 628 1802 aer
643 1753 765 1820 agitatus
776 1756 916 1803 exrento-

116 1835 175 1870 rum
185 1817 385 1936 agitationibus
397 1824 570 1880 extenuatur,
578 1835 631 1869 una
652 1835 685 1870 ue
696 1820 806 1870 vitiosis
817 1832 916 1883 corpo-

114 1886 190 1936 ribus
221 1883 324 1936 etrahit
334 1900 455 1947 succum,
463 1892 491 1936 et
498 1887 583 1936 efficit
593 1835 719 1937 exhiora.
740 1886 915 1937 contravero

114 1955 185 2004 lenis
204 1959 233 2004 et
244 1968 353 2003 crassus
372 1955 432 2015 ae'r,
451 1953 498 2019 qui
512 1952 645 2018 perflatus
660 1969 714 2004 non
728 1952 813 2004 habet
825 1965 916 2018 neque

116 2021 228 2071 crebras
239 2019 450 2082 redundantiae,
459 2026 573 2086 propter
583 2022 723 2072 immotam
734 2020 916 2071 stabilitatem

115 2088 273 2138 adiiciendo
290 2087 324 2136 ad
335 2087 457 2137 nrcmbra
468 2102 576 2150 eorum,
591 2088 641 2139 alit
652 2103 701 2138 eos
713 2095 741 2139 et
750 2087 852 2148 reficit,
869 2087 916 2153 qui

113 2157 141 2206 in
152 2154 196 2205 his
206 2154 333 2220 impliciti
345 2161 410 2204 sunt
420 2155 533 2205 morbis.
560 2157 584 2205 4.
600 2154 748 2206 Nonnullis
759 2155 864 2221 placuit
874 2169 916 2204 es·
956 2163 961 2171 '

115 2227 253 2273 serentes
265 2226 392 2287 quatuor,
404 2221 437 2271 ab
450 2223 557 2272 oriente
569 2220 916 2289 aequinoctialiSolanum,

114 2306 131 2340 a
141 2288 257 2339 nieridie
266 2290 407 2351 Austrum,
419 2289 452 2338 ab
464 2289 609 2341 occidente
621 2289 819 2356 aequinoctiali
828 2288 917 2339 Favo-

114 2358 201 2418 nium,
213 2370 229 2404 a
239 2356 451 2421 septentrionali
461 2355 693 2422 Septentrionem.
730 2356 786 2409 Sed
796 2357 844 2423 qui
855 2355 917 2406 dili·

114 2424 225 2492 gentius
242 2422 479 2488 perquisiverunt,
497 2425 673 2475 tradiderunt
690 2439 739 2475 eos
758 2438 821 2474 esse
839 2428 915 2485 octo,

113 2491 232 2543 maxime
242 2489 530 2557 quidemhndronicus
537 2489 711 2558 Cyrrhestes,
721 2492 768 2558 qui
777 2491 860 2541 etiam
870 2505 917 2540 ex-

114 2559 233 2625 emplum
248 2556 399 2608 collocavit
407 2557 530 2620 Athenis,
541 2560 638 2610 turrim
648 2573 830 2608 marmoream
840 2564 917 2609 octo-

113 2639 221 2696 gonon,
237 2625 305 2675 etin
321 2625 439 2692 singulis
449 2625 729 2693 lateribuaeoeto'goni
743 2625 918 2692 singulorum

113 2700 260 2746 ventorum
283 2692 419 2759 imagines
444 2695 602 2760 exsculptae
623 2700 720 2744 contra
738 2706 805 2744 sues
826 2691 918 2743 cuius-

113 2777 166 2832 que
178 2760 348 2826 designavit,
360 2774 498 2827 supraque
509 2775 569 2811 eam
580 2762 677 2812 turrim
688 2766 789 2812 metam
799 2773 906 2812 marmo
