2054 3090
151 231 186 286 ro
350 229 406 280 oa
428 228 757 281 snourrscruns
793 201 795 204 ⁴

153 335 228 385 cives
240 332 269 383 in
285 347 364 384 muro
380 346 442 383 esse
452 332 543 383 iussit.
580 331 647 383 Cum
658 336 749 382 autem
760 329 863 382 Rhodii
879 346 958 382 orna-

153 408 209 452 tam
221 400 339 451 classem
349 401 379 449 ln
388 405 499 465 portum
509 400 643 450 maiorem
654 399 864 468 exposuissent,
881 398 957 465 plau·

153 484 213 518 sum
223 467 306 518 iussit
316 467 350 517 ab
361 481 440 525 muro
452 463 495 518 bis
507 466 573 517 dare
584 465 768 533 pollicerique
779 481 810 517 se
826 466 958 533 oppidum

152 535 318 586 tradituros:
341 535 462 601 quicum
478 539 673 601 penetrassent
687 533 761 584 intra
774 549 881 584 murum
894 535 958 585 reli-

153 603 207 652 ctis
223 601 339 653 navibus
349 601 493 664 inanibus,
508 601 657 653 Artemisia
665 607 780 667 repente
790 600 870 652 fossa
883 600 960 653 facta

153 670 179 719 in
190 669 306 735 pelagus
318 669 416 721 eduxit
426 668 545 720 classem
556 683 591 720 ex
600 674 683 735 portu
693 668 814 730 minore,
831 669 909 721 etita
918 670 959 719 in-

153 743 232 786 vecta
249 736 331 786 estin
341 736 485 788 maiorem.
521 736 665 803 Expositis
676 741 769 786 autem
779 736 915 788 militibus
931 744 960 787 et

152 803 303 870 remigibus
320 803 440 854 classem
450 802 622 855 Rhodiorum
631 802 741 854 inanem
752 802 868 855 abduxit
876 803 905 854 iu
920 803 959 854 al-

153 880 219 920 tum.
255 870 298 921 lta
307 869 410 921 Rhodii
420 886 476 921 non
488 869 623 922 habentes
633 885 688 940 quo
699 885 730 922 se
744 871 915 951 reciperent,
929 870 958 922 in

153 937 245 988 medio
262 938 402 1001 conclusi,
416 939 445 988 in
455 939 517 1005 ipso
527 937 591 990 foro
602 943 667 989 suut
680 938 821 990 trucidati.
858 938 898 990 15.
917 938 959 989 lta

152 1005 309 1065 Artemisia,
322 1005 351 1054 in
362 1004 654 1058 navibusRhodiorum
664 1006 722 1057 suis
732 1005 867 1056 militibus
878 1012 908 1056 et
916 1020 958 1056 re-

153 1072 273 1138 migibus
283 1071 437 1138 impositis,
452 1072 579 1124 Rhodum
590 1079 634 1124 est
642 1072 782 1140 profecta:
800 1071 904 1123 Rhodii
912 1087 958 1122 au·

153 1146 209 1190 tem
225 1155 286 1190 cum
300 1141 513 1206 prospexissent
528 1156 593 1192 suas
603 1155 687 1192 naves
698 1140 838 1192 laureatas
852 1140 958 1202 venire,

154 1207 300 1272 opinantes
316 1207 391 1258 cives
405 1209 527 1259 victores
538 1208 656 1270 reverti,
672 1206 768 1259 hostes
782 1213 957 1274 receperunt.

154 1276 233 1325 Tunc
248 1275 398 1325 Artemisia
415 1272 515 1326 Rhodo
533 1282 626 1342 capta,
649 1275 821 1342 principibus
845 1275 958 1338 occisis,

153 1348 298 1407 tropaeum
308 1341 337 1390 in
344 1342 412 1392 urbe
419 1340 518 1393 Rhodo
528 1358 595 1395 suae
603 1343 739 1394 victoriae
746 1343 902 1405 coustituit,
913 1357 958 1394 ae·

153 1424 220 1459 neas
241 1423 275 1458 ue
287 1407 355 1458 duas
367 1414 473 1460 statuas
486 1409 569 1474 fecit,
584 1425 666 1461 unam
676 1408 849 1461 Rhodiorum
863 1410 958 1461 civita·

153 1477 198 1537 tis,
211 1423 326 1526 aberam
337 1490 404 1526 suae
414 1476 553 1545 imaginis,
565 1484 594 1529 ot
602 1478 684 1529 istam
695 1477 825 1546 figuravit
835 1476 958 1528 Rhodio·

154 1558 213 1592 rum
233 1542 340 1593 civitati
360 1543 492 1611 stigmata
508 1547 705 1612 imponentem.
741 1544 846 1597 Postea
866 1550 959 1596 autem

154 1608 257 1660 Rhodii
271 1610 409 1676 religione
423 1612 564 1679 impediti,
585 1613 672 1680 (quod
687 1612 766 1664 nefas
782 1618 826 1664 est
840 1618 958 1679 tropaea

147 1677 285 1727 dedicata
294 1679 446 1743 removeri)
458 1681 533 1731 circa
543 1695 605 1732 eum
615 1680 708 1733 locum
718 1679 877 1731 aedilicium
886 1686 957 1731 stru·

154 1750 267 1806 xerunt,
284 1750 313 1795 et
322 1745 350 1795 id
362 1753 456 1799 erecta
500 1748 545 1798 aia
555 1749 676 1800 statione
689 1753 832 1811 texerunt,
846 1761 882 1798 ne
896 1747 957 1814 quis

154 1817 252 1878 posset
262 1812 401 1878 aspicere,
414 1816 462 1866 eti
491 1811 588 1878 ἄβατον
599 1815 718 1866 vocitari
728 1815 879 1867 iusserunt.
916 1813 957 1866 16.

154 1881 221 1931 Cum
232 1894 299 1948 ergo
311 1887 368 1932 tam
377 1898 478 1950 magna
487 1883 613 1950 potentia
622 1897 704 1950 reges
714 1897 770 1933 non
785 1888 958 1949 contempse-

153 1950 208 1999 rint
225 1949 412 2000 lateritiorum
428 1951 565 2017 parietum
579 1955 749 2013 structuras,
763 1949 863 2016 quibus
875 1955 904 2001 et
912 1965 958 2000 ve·

154 2017 302 2083 ctigalibus
314 2022 343 2067 et
353 2018 457 2084 praedo
467 2018 578 2084 saepius
591 2017 698 2069 licitum
708 2016 862 2068 fucratnon
873 2016 957 2068 modo

154 2085 333 2135 coementitio
350 2091 398 2135 aut
413 2085 548 2151 quadrato
565 2100 633 2136 saxo
645 2085 790 2137 sedetiam
800 2098 957 2135 marmoreo

154 2149 266 2211 habere,
277 2165 333 2200 non
342 2157 409 2216 puto
422 2159 553 2217 oportere
565 2153 717 2220 improbari
727 2167 797 2220 quae
809 2165 823 2202 e
834 2151 958 2202 lateritia

153 2222 218 2267 sunt
231 2223 372 2267 structura
387 2217 462 2269 iacta
478 2220 620 2283 aedilicia,
641 2220 789 2271 dummodo
805 2223 882 2270 recte
901 2218 959 2269 sint

152 2282 287 2348 perfecta.
323 2282 380 2334 Sed
395 2285 424 2335 id
435 2300 523 2352 genus
534 2287 599 2354 quid
609 2288 649 2338 ita
659 2286 788 2354 apopulo
798 2299 914 2337 romano
929 2286 958 2336 in

152 2351 220 2401 urbe
232 2350 294 2401 fieri
303 2366 359 2402 non
370 2359 512 2419 oporteat,
525 2369 674 2420 exponam,
686 2369 812 2421 quaeque
822 2358 888 2405 sunt
897 2353 958 2404 eius

152 2418 194 2468 rei
210 2432 311 2469 causae
327 2424 356 2470 et
371 2421 495 2472 rationes
511 2437 566 2474 non
579 2424 808 2489 praetermittam.
844 2421 885 2473 l'l.
904 2419 957 2471 Le-

152 2500 202 2552 ges
222 2486 350 2552 publicae
370 2503 425 2539 non
449 2489 590 2554 patiuntur
612 2490 733 2541 maiores
756 2488 957 2540 crassitudines

152 2568 233 2617 quam
247 2554 459 2621 sesquipedales
475 2557 607 2608 constitui
617 2557 681 2608 loco
694 2555 846 2620 communi3
870 2556 958 2607 ceteri

135 2625 232 2670 autem
239 2623 372 2687 parietes
379 2664 387 2691 ,
402 2640 439 2678 ne
451 2625 546 2695 spatia
556 2625 722 2696 angustiora
731 2625 847 2685 beraut,
860 2623 959 2674 eadem

122 2689 323 2760 crassitudine
333 2696 536 2752 collocantur.
571 2689 973 2753 Lateritiireromsidiplm-

107 2743 167 2798 thri
181 2761 236 2807 aut
247 2760 414 2829 triplinthii
427 2768 563 2836 fuel-int,
578 2760 787 2834 sesquipedali
799 2752 992 2808 crussitudine
