2054 3090
112 209 145 260 3⁰
315 212 367 262 DE
398 212 715 264 ARCHITECTURA

112 312 216 363 scendo
226 314 310 363 vitam
320 314 478 380 exigebant.
514 312 624 364 Interea
635 314 756 380 quodam
765 312 794 362 in
805 312 870 363 loco
883 310 917 360 ab

112 380 324 445 tempestatibus
336 388 364 432 et
375 382 464 431 ventis
476 380 578 431 densae
590 380 786 431 crebritatibus
800 378 917 429 arbores

76 495 78 500 ,
111 448 233 514 agitatae
249 454 277 499 et
294 449 368 497 inter
378 463 409 498 se
423 454 546 498 terentes
561 463 653 498 ramos
666 448 760 515 ignem
778 446 916 496 excitave-

111 521 186 566 runt:
206 522 235 565 et
249 529 293 576 eo,
309 513 419 565 flamma
431 513 589 566 vehementi
609 515 751 581 perterriti
772 513 820 580 qui
841 513 917 563 circa

111 597 173 633 eum
184 582 274 632 locum
286 580 407 643 fuerunt,
419 588 483 632 sunt
492 581 591 648 fugati.
619 581 724 633 Postea
732 581 830 647 requie
842 579 915 640 data,

109 650 224 714 ,rr-opius
235 649 400 699 accedentes
415 664 476 700 cum
491 649 752 700 animadvertissent
766 645 916 699 commodi-

110 721 196 766 tatem
207 731 269 766 esse
280 731 408 782 magnam
419 716 582 782 corporibus
594 716 627 766 ad
642 717 716 782 ignis
730 721 869 782 teporem,
884 713 916 762 li·

111 797 166 850 gna
187 783 352 833 adiicientes
370 789 399 834 et
416 798 479 833 eum
497 789 696 834 conservantes
711 783 782 833 alios
797 781 916 832 adduce-

109 851 185 911 bant,
197 856 225 900 et
236 856 304 901 nutu
312 856 498 901 monstrantes
509 849 695 901 ostendebant
703 865 772 916 quas
782 847 918 899 haberent

111 933 147 968 ex
156 932 190 967 eo
202 917 346 969 utilitates.
377 918 407 967 ln
419 933 452 968 eo
465 915 606 968 hominum
617 932 771 984 congressu
781 931 843 967 eum
852 928 916 981 pro·

110 985 297 1036 fundebantur
315 985 398 1035 aliter
415 1000 430 1034 e
445 986 655 1050 spirituvoces,
674 983 837 1051 quotidiana
851 997 916 1033 con-

111 1053 258 1103 suetudine
280 1052 428 1115 vocabula,
451 1058 482 1102 ut
502 1052 672 1118 obtigerant,
697 1052 915 1102 constituerunt:

112 1120 212 1171 deinde
231 1120 415 1188 significando
434 1134 480 1170 res
500 1119 611 1185 saepius
631 1119 660 1168 in
679 1135 744 1180 usu,
766 1132 800 1169 ex
814 1121 916 1168 eventu

110 1187 165 1238 fari
174 1187 293 1240 fortuito
305 1193 470 1253 coeperunt,
486 1187 564 1238 etita
574 1200 717 1236 sermones
728 1186 801 1236 inter
811 1199 842 1234 se
851 1198 915 1250 pro-

111 1261 282 1306 creaverunt.
318 1257 343 1305 2.
361 1255 437 1322 Ergo
449 1270 510 1304 curn
519 1259 634 1320 proptor
643 1253 717 1320 ignis
726 1253 916 1304 inventionem

111 1328 264 1373 conventus
278 1322 360 1372 initio
375 1321 448 1387 apud
462 1319 588 1372 homines
603 1327 632 1372 et
645 1321 795 1371 concilium
809 1325 838 1370 et
851 1333 915 1370 con·

111 1390 200 1439 victus
212 1395 288 1439 esset
297 1395 390 1450 natus,
406 1394 434 1439 et
443 1389 471 1437 in
482 1404 564 1438 unum
575 1388 667 1439 locum
676 1388 771 1454 plures
786 1385 915 1438 conveni·

111 1462 185 1518 rent,
204 1454 338 1506 habentes
354 1454 388 1505 ab
402 1460 501 1505 natura
514 1456 666 1521 praemium
680 1461 791 1522 praeter
806 1453 917 1520 reliqua

111 1523 251 1585 animalia,
261 1528 293 1572 ut
305 1538 359 1572 non
370 1523 451 1588 proni
461 1523 511 1573 scd
521 1527 609 1573 erecti
617 1523 799 1583 ambularent,
809 1520 916 1571 mundi-

111 1604 164 1657 que
174 1596 203 1641 et
212 1596 351 1641 astrorum
360 1589 595 1656 magnificentiam
606 1590 773 1655 aspicerent,
781 1589 850 1638 item
859 1602 905 1637 ma

111 1657 192 1709 nibus
207 1664 235 1708 et
249 1657 374 1709 articulis
389 1672 469 1724 quam
483 1657 589 1708 vellent
604 1671 663 1707 rem
678 1655 801 1707 faciliter
814 1661 915 1706 tracta·

110 1731 183 1776 rent:
203 1731 357 1791 coeperunt
370 1725 398 1774 in
409 1739 443 1774 eo
456 1730 539 1775 coetu
550 1724 600 1775 alii
610 1723 645 1774 de
655 1723 754 1775 fronde
766 1723 860 1774 faeere
874 1728 915 1773 te·

112 1800 169 1856 cta,
189 1792 239 1842 alii
257 1792 404 1858 speluncas
423 1790 522 1843 fodere
541 1791 592 1842 sub
610 1791 766 1853 montibus,
787 1789 915 1840 nonnulli

111 1859 288 1911 hirundinum
301 1859 383 1911 nidos
398 1864 427 1910 et
440 1859 651 1910 aedificationes
666 1874 761 1910 earum
771 1858 914 1908 imitantes

112 1928 146 1978 de
156 1928 215 1979 luto
227 1933 256 1978 et
263 1927 392 1994 virgultis
402 1925 496 1977 iacere
506 1925 579 1989 loca,
592 1941 662 1993 quae
673 1927 807 1978 subirent.
835 1925 914 1974 Tunc

112 1995 292 2057 observantes
306 1995 398 2045 aliena
410 2000 498 2056 tecta,
514 1999 543 2044 et
556 1994 720 2044 adiicientes
734 1993 793 2045 suis
807 1992 914 2058 cogita·

111 2063 234 2113 tionibus
244 2077 289 2113 res
301 2077 397 2124 novas,
408 2061 602 2112 efficiebantin
612 2061 672 2112 dies
682 2061 800 2112 meliora
809 2073 914 2125 genera

112 2144 245 2180 casarum.
282 2128 306 2179 3.
326 2129 394 2181 Cum
416 2134 510 2180 essent
526 2134 618 2179 autem
636 2127 763 2179 homines
782 2125 914 2176 imitabili

112 2197 251 2261 docilique
265 2202 376 2258 natura,
395 2196 520 2264 quotidie
534 2195 741 2247 inventionibus
758 2194 913 2262 gloriantes

110 2263 182 2314 alius
202 2262 251 2312 alii
271 2263 456 2314 ostendebant
473 2264 665 2314 aedificiorum
684 2263 813 2314 effectus:
829 2261 915 2312 etita

111 2335 275 2381 exercentes
289 2330 317 2380 in
340 2332 403 2381 enia
416 2332 617 2382 certationibus
631 2332 660 2381 in
675 2331 734 2382 dies
749 2328 914 2380 melioribus

112 2398 222 2448 iudiciis
238 2346 436 2448 cfficieiiantur.
472 2396 651 2464 Primumque
665 2397 752 2448 furcis
769 2397 871 2448 erectis
885 2401 915 2446 ct

109 2465 239 2532 virgultis
258 2465 444 2531 interpositis,
465 2465 524 2515 luto
544 2465 666 2531 parietes
684 2470 824 2516 texerunt.
859 2462 913 2512 Alii

110 2533 201 2583 luteas
216 2532 313 2599 glebas
327 2530 513 2584 arefacientes
524 2531 669 2583 struebant
678 2533 813 2598 parietes,
827 2536 913 2580 mate-

110 2600 153 2650 ria
167 2615 216 2650 eos
231 2600 466 2666 iugamentantes,
481 2600 650 2665 vitandoque
660 2599 764 2650 imbres
775 2604 804 2649 et
818 2604 913 2649 aestus

109 2668 244 2734 tegebant
265 2667 445 2718 arundinibus
467 2673 496 2718 et
515 2665 624 2718 fronde.
661 2666 766 2717 Postea
782 2666 913 2733 quoniam

109 2749 158 2800 per
171 2733 300 2785 hibernas
314 2740 494 2801 tempestates
509 2740 585 2786 tecta
598 2749 653 2785 non
666 2739 797 2800 poterant
810 2733 914 2786 imbres
