2054 3090
324 210 453 266 Libuit
468 211 538 267 vll.
567 214 652 272 che.
669 213 705 267 V.
867 210 915 263 153

107 311 222 366 beatem
231 313 348 366 deorum
357 315 520 380 simulacra,
536 331 586 369 seu
593 316 751 368 fabularum
763 314 913 381 dispositas

107 381 325 447 explicationes,
343 397 398 434 non
408 385 499 435 minus
507 385 644 439 Troianas
654 398 761 451 pugnas
773 397 823 433 seu
832 381 913 448 Ulys-

97 448 328 512 emanationes,
347 487 430 502 .....
439 465 489 518 per
502 453 592 519 topia,
606 457 759 519 ceteraque
768 463 839 516 quae
848 454 914 498 sunt

107 531 206 568 eorum
225 516 363 568 similibus
385 518 541 570 rationibus
563 519 598 572 ab
616 533 710 570 rerum
729 523 828 568 namra
850 530 913 582 pro·

108 590 213 636 creata.
248 580 273 634 3.
293 581 349 636 Sed
363 581 446 648 haec,
467 601 538 653 quae
556 585 588 654 [a
605 581 761 652 veteribus]
784 598 821 635 ex
838 579 913 633 veris

108 651 193 703 rebus
211 651 340 717 exempla
358 653 551 715 sumebantur,
575 669 648 706 nuno
666 652 770 721 iniquis
789 650 913 703 moribus

109 717 310 786 improbantur.
344 717 416 771 Nam
464 721 596 788 ingeintur
627 720 757 773 tectoriis
788 723 914 771 monstra

129 787 203 837 otius
212 802 293 854 quam
304 801 340 838 ex
348 787 432 839 rebus
444 737 530 840 initis
541 789 678 856 imagines
688 794 794 840 certae:
805 800 855 855 pro
868 799 914 837 co·

109 803 210 905 furonis
234 854 307 906 enim
321 859 479 908 statrruutur
489 855 603 919 calani,
614 871 665 922 pro
679 854 802 936 fastigiis
816 852 913 920 harpa-

110 921 331 988 ginetulistriati
346 938 408 973 cum
424 923 524 990 crispis
538 922 617 975 foliis
632 930 661 974 et
679 923 783 974 volutis
798 921 913 981 teneris,

110 990 176 1038 item
203 988 372 1041 candelabra
392 989 584 1043 aedicularum
606 990 774 1043 sustinentia
800 988 913 1055 figuras,

109 1070 194 1122 supra
209 1054 326 1124 fastigia
340 1071 435 1108 earum
459 1065 608 1125 surgentes
631 1073 667 1110 ex
688 1054 830 1108 radicibus
852 1070 913 1106 oum

108 1122 213 1174 volutis
227 1124 340 1176 coliculi
354 1124 443 1177 teneri
454 1124 549 1192 plures
559 1124 694 1176 habentes
711 1124 739 1175 in
755 1137 785 1174 se
796 1123 857 1174 sine
871 1135 914 1173 ra-

109 1191 187 1241 tione
198 1190 326 1243 sedentia
335 1192 360 1242 si
382 1192 443 1255 illa,
457 1208 514 1244 non
528 1193 620 1243 minus
636 1193 720 1242 etiam
736 1205 771 1242 ex
785 1189 914 1242 coliculis

109 1255 194 1308 tiores
211 1258 357 1310 dimidiata
389 1259 505 1312 abentes
519 1274 556 1311 ex
565 1275 596 1310 se
606 1259 738 1311 exeuntia
752 1256 916 1324 sigillaalia

108 1323 235 1376 humenis
246 1325 462 1379 aliabestierurs
469 1327 607 1394 capitibus
615 1321 756 1394 [similia]
791 1325 816 1377 A
835 1323 914 1376 llaec

110 1398 202 1443 autem
213 1407 266 1446 nec
277 1400 342 1446 sunt
351 1408 403 1446 nec
412 1395 475 1448 deri
484 1401 604 1462 possunt
617 1409 668 1447 nec
678 1391 800 1446 fuerunt.
836 1393 913 1461 Ergo

110 1460 150 1510 ita
165 1461 230 1510 novi
245 1476 338 1512 mores
357 1467 527 1530 coegerunt,
548 1463 588 1514 uti
606 1462 709 1514 inertia
728 1460 793 1513 mali
811 1460 914 1512 iudicis

109 1527 291 1581 conniverent
303 1530 403 1580 artium
418 1531 545 1584 virtutes.
583 1528 822 1592 Quemadmodum
841 1528 914 1580 enim

107 1601 204 1712 potest
219 1596 343 1648 calamus
357 1612 423 1649 vere
442 1599 584 1652 sustinere
602 1604 707 1650 tectum
722 1603 772 1649 aut
786 1595 914 1649 caudela-

126 1677 187 1712 rum
205 1660 361 1730 [aediculas
377 1671 406 1716 et
434 1673 598 1718 ornamenta
611 1664 734 1733 fastigii,
750 1677 800 1715 seu
811 1663 914 1715 colicu-

108 1730 151 1780 lus
162 1661 451 1784 tantennisstnoitis
460 1733 600 1785 sustinere
609 1733 712 1784 sedens
722 1730 856 1799 sigillum,
867 1737 915 1780 aut

109 1797 143 1846 de
153 1796 295 1848 radicibus
305 1799 470 1851 etcoliculis
479 1807 601 1917 exparte
615 1797 700 1850 flores
715 1797 914 1863 dimidiataque

109 1862 377 1929 sigillaprocrearei
401 1861 511 1917 Athaco
528 1860 913 1919 aJsavidenteshominasoon

110 1927 324 1997 reprehendunt,
334 1930 385 1983 sed
395 1931 581 1997 delectantur,
591 1945 681 2000 neque
692 1931 916 1988 animadvertunt

109 2000 132 2049 si
140 1997 584 2066 quideorumiieripetestnecoe.
620 1997 915 2051 ludiciisauteminiir-

108 2066 160 2116 mis
180 2065 346 2118 obscuratae
367 2073 475 2119 mentes
496 2082 553 2120 non
575 2067 670 2120 valent
694 2065 814 2134 probare
839 2065 916 2133 quod

107 2139 203 2200 potest
229 2148 292 2185 esse
318 2149 382 2186 cum
410 2135 577 2188 auctoritate
604 2142 634 2187 et
657 2135 767 2187 ratione
794 2133 914 2186 decoris.
993 2132 996 2137 ’

109 2201 206 2281 Neque
221 2201 294 2253 enisu
303 2202 430 2269 picturae
437 2200 553 2270 probari
561 2203 679 2266 debent,
695 2217 766 2270 quae
780 2217 835 2254 non
850 2206 915 2252 sunt

108 2270 214 2321 similes
225 2270 352 2335 veritati5
361 2285 415 2323 uec
426 2271 451 2322 si
458 2268 554 2325 iactae
563 2278 629 2324 sunt
638 2270 784 2339 elegantes
793 2269 829 2322 ab
843 2275 913 2331 arte,

108 2338 173 2388 ideo
194 2337 229 2389 de
243 2334 287 2390 his
300 2337 396 2390 statim
411 2337 497 2392 debet
510 2345 588 2392 recte
603 2339 744 2400 iudicare,
761 2337 819 2390 nisi
833 2350 914 2416 argu-

109 2405 288 2456 mentationis
300 2411 391 2458 certas
401 2403 555 2459 habuerint
569 2407 694 2461 rationes
704 2406 766 2458 siue
781 2402 914 2457 offensio·

108 2472 189 2524 nibus
210 2473 375 2539 explicatas.
411 2473 436 2526 5.
454 2473 566 2527 Etenim
584 2475 672 2526 etiem
691 2471 835 2526 Trallibus
852 2483 914 2523 cum

108 2541 256 2606 Apaturius
270 2539 447 2594 Alabandeus
463 2540 587 2610 eleganti
605 2556 689 2595 aranu
708 2538 837 2593 linisset
853 2553 913 2591 sce·

108 2622 171 2658 nam
180 2606 209 2658 iu
220 2607 376 2661 minusculo
386 2603 507 2674 theatro,
517 2609 595 2676 quod
602 2603 831 2675 ἐκκλησιαστήριον
841 2605 914 2674 apud

108 2689 159 2726 eos
179 2675 332 2739 vocitato,
355 2677 385 2729 in
404 2691 493 2745 eaque
511 2675 804 2739 saducaeorum,
825 2674 913 2743 signa.

109 2742 265 2795 centauros
276 2743 452 2799 sustinentes
467 2742 614 2815 epistylia,
634 2741 774 2797 tholorum
794 2739 914 2795 rotunda
