2054 3090
129 193 177 240 llb
319 188 375 237 DE
402 186 735 239 ARCHITECTURA

127 292 247 341 lationes
261 291 437 356 aperiuntur,
455 297 485 339 et
500 303 647 340 mensurae
661 289 790 342 tributim
809 288 929 358 singulis

127 358 265 424 capitibus
275 357 464 423 designantur.
499 356 542 407 lta
552 355 621 408 duas
629 355 929 475 resegregiasnbfpae

127 425 206 476 tlsrae
216 424 421 475 ambulationes
430 430 587 488 praestant,
601 424 722 474 unasnin
730 437 802 489 paee
856 424 929 476 nbri·

109 538 114 546 .
127 495 207 553 tatis,
220 490 336 542 alteram
347 492 376 541 in
388 490 465 540 bello
480 490 589 541 salutis.
624 491 700 608 Ετὶο
713 487 758 542 bis
770 491 929 543 rationibus

127 559 345 609 ambulationum
358 558 562 623 explicationes
572 572 628 608 non
637 572 670 609 so
683 572 731 608 uns
738 563 807 623 post
817 572 929 610 soenass

87 654 91 660 ·
128 625 242 686 theatri,
257 625 309 675 sed
322 626 407 676 otiam
424 626 546 676 omnium
556 624 672 675 deorum
680 623 794 689 templis
809 623 929 677 effectae

127 708 240 759 magnas
251 692 413 743 civitatibus
421 699 566 758 praestare
576 697 708 757 poterunt
715 691 866 745 utilitates.

177 758 316 820 Quoniam
332 757 402 809 haee
419 774 436 808 a
449 760 531 809 nobis
547 759 616 809 satis
627 758 759 808 ridentur
767 772 832 810 esse
845 772 930 825 expo·

127 827 194 887 sita,
210 841 282 876 nnnc
291 827 474 893 insequentur
482 825 643 876 balnearum
653 824 874 890 dispositionum
883 825 930 876 de·

128 894 352 943 monstrationes.

435 992 567 1044 CAPUT
584 992 619 1044 X.

128 1074 174 1127 De
201 1076 385 1127 balnearum
417 1074 681 1142 dispositionibus
711 1083 743 1126 et
766 1074 928 1143 partibus.

178 1160 300 1212 Primum
316 1160 461 1228 eligendus
475 1161 555 1212 loous
569 1166 614 1211 est
626 1175 709 1227 quant
727 1159 928 1223 calidissimus,

128 1227 223 1289 idest,
239 1243 354 1278 aversus
368 1243 385 1277 a
395 1229 586 1294 septentrione
596 1227 769 1294 etaquilone.
804 1226 870 1344 Rea
883 1241 929 1277 au-

126 1301 182 1345 tem
199 1294 324 1344 caldaria
341 1295 533 1362 tepidariaque
552 1295 645 1345 lumen
664 1291 785 1344 habeant
855 1294 929 1344 ocei-

128 1361 211 1411 dente
218 1359 348 1410 hiberno:
360 1362 506 1413 sinautem
515 1368 615 1413 natura
623 1361 681 1412 looi
689 1359 865 1426 impedierit,
876 1360 929 1411 uti-

127 1427 931 1560 distillat&sfftitttul'tltttlz

128 1559 415 1623 animadvertendum,
426 1563 470 1613 uti
483 1563 608 1614 caldaria
623 1560 772 1613 muliebria
779 1560 929 1628 virilisque

128 1628 276 1678 coniuncta
286 1629 352 1678 etin
362 1629 463 1680 iisdem
472 1630 636 1698 regionibus
646 1630 704 1681 sint
712 1627 867 1691 eollooata3
886 1628 928 1678 sio

128 1695 203 1757 enim
216 1695 365 1757 efficietur,
384 1702 417 1747 ut
433 1695 489 1764 [in]
504 1697 618 1748 vasaria
627 1703 657 1748 at
669 1694 841 1762 hypocausis
853 1708 928 1745 oom-

127 1763 217 1813 munis
232 1762 270 1813 sit
285 1760 379 1830 [usus]
394 1778 491 1825 eorum
506 1765 640 1832 utrisque.
675 1760 866 1882 Ahfflra
877 1759 928 1828 hy-

125 1830 260 1895 pocausin
269 1831 324 1880 tria
333 1836 398 1880 sunt
407 1832 705 1896 coponenda,unum
822 1828 927 1890 um,al·

125 1903 215 1948 terum
228 1897 408 1962 tepidarium,
421 1898 534 1953 tertium
542 1897 579 1948 fri
601 1897 733 1960 'darium,
747 1901 777 1947 et
785 1895 827 1946 ita
840 1894 927 1946 eollo·

126 1965 228 2027 canda,
242 1965 282 2014 uti
297 1978 333 2015 ex
341 1964 480 2030 tepidario
490 1965 520 2015 in
530 1913 683 2016 caldarium
692 1968 824 2031 quantum
873 1976 927 2014 uae

126 2030 222 2081 caldae
234 2030 347 2092 exierit,
364 2029 463 2081 influat
472 2031 507 2082 de
516 2030 665 2098 frigidario
674 2029 705 2082 in
714 2027 882 2096 tepidarium
892 2028 927 2079 ad

126 2098 244 2148 eundem
252 2097 377 2148 modum:
396 2097 607 2166 testudinesque
616 2097 790 2149 alveolorum
803 2109 840 2147 ex
853 2110 928 2150 oom-

59 2158 68 2173 ‘
127 2165 201 2214 muni
211 2163 367 2229 hypocausi
376 2163 585 2219 calefacientnr.
619 2167 645 2216 2.
663 2162 858 2229 Suspensurae
871 2161 927 2213 eal-

126 2228 927 2347 «lariorumitasuntfaoiendae,utiprimumsesquigeda·

126 2296 199 2346 libus
214 2296 318 2362 tegulis
334 2296 426 2348 solum
444 2304 585 2350 sternatur
604 2298 767 2350 inclinatum
783 2310 801 2346 a
857 2310 927 2362 ypo-

127 2364 244 2426 causim,
258 2364 300 2415 uti
313 2363 372 2429 pila
381 2379 442 2415 oum
452 2366 591 2429 mittatur,
605 2380 661 2416 non
691 2362 847 2416 ossitintro
857 2362 927 2414 resi·

125 2439 213 2493 storo,
228 2429 279 2481 sed
287 2444 383 2482 rursus
392 2432 492 2484 redeat
500 2432 536 2484 ad
544 2447 611 2499 prae
688 2447 746 2495 um;
763 2430 827 2497 ipsa
835 2443 886 2495 per
895 2445 926 2480 ss

126 2501 165 2550 ita
184 2498 294 2550 flamma
312 2497 425 2550 facibus
444 2514 529 2567 perra
549 2500 642 2552 abitur
657 2498 708 2550 sub
726 2496 926 2564 suspensione:

125 2581 261 2634 supraque
285 2566 429 2618 latereulis
453 2567 519 2619 boss
550 2567 611 2618 'bus
629 2565 703 2633 pilae
726 2569 869 2616 struantur
886 2564 927 2614 ita

124 2636 166 2687 dis
188 2635 292 2696 ositae,
309 2634 351 2685 uti
364 2633 509 2702 bipedales
522 2633 634 2702 tegulae
648 2632 758 2700 possint
766 2644 852 2696 supra
863 2645 926 2682 asse

125 2650 290 2753 ‹zodooataa
325 2701 507 2754 Altitudinem
529 2707 621 2753 autem
643 2700 718 2767 pilae
739 2697 862 2749 habeant
880 2711 924 2764 pe-
