2054 3090
318 213 449 266 LIBER
464 215 533 268 Vll.
563 216 648 269 CAP.
665 214 720 270 Vl.
863 220 911 270 155

108 315 191 370 detur
208 315 274 367 usus
293 316 373 368 esset
406 318 442 368 At
460 335 533 370 nunc
550 319 655 386 passim
673 320 835 388 plerumque
858 323 912 372 toti

106 383 416 453 parietcsinducuutur:
428 384 789 454 accedithucchrysocolla,
797 394 911 451 ostrum,

108 452 270 504 armenium.
306 452 385 502 Haec
395 467 462 502 vero
474 469 536 504 cum
545 454 727 518 inducuntur,
744 456 797 507 etsi
812 471 866 506 non
878 457 911 505 ab

109 526 171 571 arte
181 519 360 585 suntposita,
376 518 518 586 fulgentes
528 526 621 573 tamen
636 523 782 574 oculorum
794 523 913 573 reddunt

108 588 201 650 risus3
219 593 248 636 et
261 586 327 637 ideo
338 586 413 652 quod
423 589 549 653 pretiosa
558 594 635 653 sunt,
649 589 760 657 legibus
773 591 913 656 excipiun-

109 662 170 717 tur,
185 653 260 704 utab
271 653 383 704 domino
400 668 456 705 non
472 671 488 706 a
506 656 683 725 redemptore
701 663 913 723 repraesenten-

108 729 163 774 tur.

162 824 238 885 Quae
255 822 495 874 commonefacere
509 825 602 890 potui,
618 830 650 875 ut
663 825 808 879 aberrore
825 825 912 875 disce-

109 893 178 947 dant
186 892 215 941 in
226 904 310 956 opere
321 891 456 952 tectorio,
472 891 541 942 satis
552 893 682 958 exposui:
703 908 775 943 nunc
786 892 820 943 de
832 907 912 958 appa-

109 957 275 1019 rationibus‚
286 963 317 1008 ut
324 972 487 1009 succurrere
497 959 629 1025 potuerit,
643 959 777 1022 dicam,et
786 960 913 1025 primum,

109 1026 242 1096 quoniam
252 1025 286 1076 de
298 1025 375 1076 calce
385 1025 465 1077 initio
477 1031 521 1078 est
530 1025 649 1090 dietum,
665 1043 738 1078 nunc
752 1027 785 1076 de
797 1041 912 1076 marmo-
979 1073 981 1078 .

108 1108 259 1161 reponam.
855 1103 869 1121 ’·

261 1287 263 1292 ,
406 1227 540 1280 carui·
564 1228 614 1281 vi.
654 1188 657 1195 ¹

112 1330 160 1386 De
178 1344 338 1384 marmore
361 1329 517 1395 quomodo
536 1337 678 1396 paretur
695 1331 738 1381 od
753 1328 912 1382 tectorio.

160 1437 284 1486 Marmor
299 1449 355 1484 non
372 1429 471 1484 eodem
487 1446 590 1498 genere
607 1432 734 1483 omnibus
750 1430 913 1499 regionibus
995 1451 999 1458 ·

110 1508 285 1569 procreatur,
305 1501 355 1552 sed
365 1496 530 1567 quibusdam
544 1499 615 1550 locis
631 1499 731 1568 glebae
742 1505 772 1550 ut
782 1498 850 1550 salis
864 1499 913 1548 mi-

112 1585 160 1621 cas
170 1570 328 1636 perlucidas
340 1568 474 1619 habentes
485 1572 648 1630 nascuntur,
659 1582 729 1633 quae
741 1572 875 1617 contusae
886 1572 914 1615 et

109 1638 224 1688 molitae
238 1642 381 1703 praestant
398 1633 539 1703 [tectoriis
554 1640 582 1685 et
596 1631 765 1701 coronariis]
783 1633 913 1699 operibus

109 1705 269 1755 utilitatem.
306 1703 412 1765 Quibus
423 1709 514 1753 autem
525 1701 596 1752 locis
608 1699 660 1768 bae
670 1703 829 1768 copiaenon
841 1707 912 1759 sunt,

110 1776 256 1823 caementa
275 1784 432 1821 marmorea
453 1771 512 1820 sive
537 1768 648 1819 assulae
672 1769 816 1828 dicuntur,
842 1781 912 1832 quae

110 1837 285 1887 marmorarii
296 1852 330 1888 ex
341 1837 472 1903 operibus
487 1836 635 1898 deiiciunt,
651 1836 716 1902 pilis
731 1834 832 1885 ferreis
849 1849 912 1883 con-

110 1903 263 1955 tunduntur
279 1903 433 1970 cribrisque
450 1910 643 1956 excomuntur.
679 1903 738 1953 Eae
759 1908 851 1952 autem
867 1915 912 1950 ex-

110 1976 205 2022 cretae
224 1970 312 2020 tribus
333 1970 481 2037 generibus
501 1976 686 2038 seponuntur3
711 1976 739 2020 et
758 1983 828 2035 quae
848 1982 911 2033 pars

111 2038 246 2106 grandior
255 2036 353 2098 fuerit,
373 2038 603 2104 quemadmodum
617 2053 702 2104 supra
715 2037 910 2103 scriptumest,

111 2104 351 2170 arenatoprimum
364 2119 426 2155 cum
437 2106 513 2156 calce
524 2104 782 2168 inducitur‚·deinde
792 2116 911 2169 sequens

110 2189 144 2224 ac
154 2173 251 2233 tertia,
269 2186 339 2238 quae
355 2170 486 2232 subtilior
495 2169 589 2223 fuerit.
624 2174 649 2224 2.
669 2171 776 2234 Quibus
790 2169 911 2221 inductis

112 2246 142 2292 et
151 2239 280 2306 diligenti
290 2239 472 2289 tectoriorum
483 2237 634 2291 fricatione
643 2238 806 2308 laevigatis,
821 2237 855 2288 de
867 2251 911 2286 co-

110 2306 217 2358 loribus
227 2306 299 2356 ratio
310 2303 461 2368 habeatur,
482 2307 523 2357 uti
534 2307 563 2357 in
573 2304 616 2357 his
631 2307 807 2373 perlucentes
823 2304 912 2370 expri-

109 2379 186 2424 mant
195 2373 370 2439 splendo'res3
388 2388 506 2440 quorum
517 2370 587 2424 haee
597 2374 651 2425 erit
660 2372 820 2424 differentia
828 2376 857 2422 et
867 2385 912 2435 ap-

113 2441 231 2508 paratio.
268 2440 384 2490 Colores
405 2440 453 2490 alii
471 2447 549 2504 sunt,
567 2441 614 2508 qui
627 2455 678 2507 per
696 2456 727 2492 se
742 2439 827 2490 certis
840 2437 912 2487 locis

131 2513 295 2560 recreantur
305 2512 333 2558 et
342 2507 406 2558 indo
421 2506 579 2559 fodiuntur:
600 2507 727 2558 nonnulli
744 2521 779 2557 ex
792 2505 856 2555 aliis
870 2518 912 2554 re·

131 2591 164 2626 us
178 2575 390 2638 tractationibus
405 2581 452 2626 aut
461 2575 643 2627 mixtionibus
657 2590 709 2626 seu
717 2571 912 2639 temperaturis
928 2572 930 2576 ‘

112 2643 261 2709 compositi
270 2641 463 2708 perficiuntur,
478 2645 519 2694 uti
530 2648 674 2710 praestent
684 2641 799 2692 eandem
809 2640 837 2689 in
849 2652 912 2704 ope·

109 2708 356 2769 ribusutilitatem.
