2054 3090
312 232 441 288 LIBER
457 233 525 300 vll.
552 233 636 288 GAP.
654 233 709 287 111.
862 234 908 285 111

108 335 228 387 materia
240 334 365 398 dolatur,
381 336 423 388 sic
436 335 500 388 calx
512 335 542 386 in
551 336 616 388 lacu
624 340 765 388 macerata
777 334 907 386 sedeam

108 403 140 455 Si
158 403 194 454 ad
214 417 275 454 eam
290 401 460 454 offenderint
473 404 587 466 calculi,
606 418 662 454 non
676 403 730 453 erit
742 401 907 468 temperata:

107 484 224 537 cumque
234 470 339 522 siccum
349 475 378 520 et
385 485 485 537 purum
494 470 599 522 ferrum
614 470 760 531 educetur,
773 468 909 520 indicabit

108 553 170 589 eam
181 537 325 588 evanidam
335 536 559 600 etsiticulosam;
579 552 641 588 cum
650 552 717 588 vero
727 536 839 603 pinguis
848 535 906 586 fue-

107 605 146 655 rit
156 609 184 655 et
193 609 270 654 recte
279 609 433 666 macerata,
445 604 520 655 circa
528 605 557 655 id
566 602 765 654 ferramentum
775 604 815 653 uti
825 602 907 670 gluti-

109 687 174 722 num
188 669 320 733 haerens,
340 672 415 721 omni
427 672 538 722 ratione
552 669 683 738 probabit
696 685 759 721 esse
773 675 908 736 tempera·

108 744 176 789 tam.
211 739 290 788 Tunc
305 743 397 789 autem
410 735 546 789 machinis
557 738 724 803 comparatis
738 751 909 788 camerarum

110 804 312 871 dispositiones
324 804 354 854 in
370 804 549 856 conclavibus
560 803 755 871 expediantur,
770 803 824 854 nisi
834 804 908 854 lacu-

110 871 196 922 nariis
207 886 241 922 ea
249 869 355 928 fuerint
364 877 470 923 ornata

401 971 536 1023 cnrur
562 971 617 1036 111.

160 1052 208 1107 De
227 1069 429 1116 cawmerarum,
442 1054 666 1133 dispositione,
686 1051 812 1107 albario
830 1060 862 1104 et

381 1129 519 1184 tectorio
538 1139 640 1190 opere.

78 1242 80 1245 -
163 1206 230 1258 Cum
244 1221 312 1274 ergo
328 1221 499 1258 camerarum
509 1204 696 1273 postulabitur
704 1205 791 1266 ratio,
806 1204 848 1255 sic
857 1204 911 1254 erit

110 1273 249 1324 faciunda.
283 1275 400 1325 Asseres
418 1273 519 1325 directi
537 1273 580 1324 dis
601 1277 719 1323 onantur
735 1271 809 1330 intcr
827 1285 858 1322 se
875 1285 910 1321 ne

111 1340 173 1408 plus
193 1341 312 1407 spatium
325 1339 459 1392 habentes
473 1340 559 1408 pedes
581 1289 676 1402 imos,
696 1345 726 1390 et
748 1336 779 1389 bi
791 1339 910 1389 maxime

112 1408 280 1472 cupressini;
300 1408 374 1474 quod
393 1407 506 1475 abiegni
524 1406 559 1458 ab
578 1408 653 1458 carie
671 1412 700 1457 et
719 1406 753 1457 ab
771 1410 909 1458 vetustate

112 1474 243 1525 celeriter
260 1475 406 1525 vitiantur:
428 1473 513 1542 bique
531 1489 642 1526 asseres
659 1489 721 1525 cum
739 1473 774 1525 ad
792 1472 910 1525 formam

113 1541 306 1593 circinationis
317 1540 423 1592 fuerint
431 1541 586 1605 distributi,
600 1541 706 1593 catonis
721 1541 865 1608 dispositis
875 1541 910 1592 ad

113 1609 188 1660 conti
228 1609 337 1660 ationes
352 1609 410 1659 sire
424 1613 499 1660 tecta
514 1615 595 1660 erunt
608 1608 743 1660 crebriter
756 1609 842 1660 claris
856 1606 911 1658 ier·

112 1674 170 1725 reis
204 1676 233 1726 xi
246 1675 413 1742 religentur:
434 1690 540 1743 eaeque
558 1682 673 1727 catenae
687 1689 723 1726 er
741 1690 776 1726 ea
793 1674 912 1725 materia

113 1747 320 1808 comparentur,
335 1743 380 1792 cui
390 1756 441 1794 nec
451 1743 542 1793 caries
552 1758 604 1794 nec
613 1747 736 1793 vetustas
746 1756 799 1792 nec
812 1740 912 1791 humor

112 1810 204 1875 possit
212 1822 328 1869 nocere,
338 1808 367 1858 id
378 1813 422 1860 est
431 1823 446 1860 e
455 1808 544 1870 buxo,
555 1810 696 1876 iunipero,
711 1808 787 1869 olea,
797 1807 910 1869 robore,

113 1889 246 1939 cupresso
275 1875 431 1941 ceterisque
462 1875 599 1927 similibus
627 1881 739 1942 praeter
770 1878 911 1941 quercum,

114 1940 191 2008 quod
200 1954 234 1991 ea
244 1954 275 1990 se
285 1941 441 2007 torquendo
452 1942 537 1993 rimas
548 1941 635 1992 iaciat
644 1940 744 2009 quibus
757 1941 832 1991 inest
846 1955 911 2005 ope·

112 2006 200 2058 ribus.
234 2008 260 2057 2.
276 2006 423 2058 Asseribus
433 2007 590 2075 dispositis,
604 2014 662 2059 tum
674 2008 777 2059 tomice
792 2021 827 2058 ex
836 2022 911 2073 spar-

113 2082 143 2125 to
157 2073 311 2140 Hispanico
331 2074 480 2126 arundines
495 2074 620 2126 Graecae
638 2080 737 2125 tunsae
755 2074 791 2124 ad
807 2089 856 2125 eos
870 2073 912 2124 uti

112 2141 205 2192 forma
217 2141 341 2206 postulat
352 2141 520 2208 religentur:
539 2143 605 2192 item
616 2156 699 2208 supra
709 2156 846 2192 cameram
856 2156 912 2191 ma-

113 2209 199 2259 teries
210 2223 245 2259 cx
255 2208 332 2259 calce
344 2213 372 2258 et
381 2222 466 2258 arena
475 2209 562 2259 mixta
571 2209 688 2260 subinde
697 2209 857 2270 inducatur,
871 2212 911 2269 ut,

113 2277 136 2326 si
148 2290 219 2342 quae
229 2275 321 2326 stillae
332 2289 365 2326 er
377 2275 632 2355 contignationibus
646 2269 695 2327 aut
707 2276 789 2326 tectis
804 2275 911 2326 cecide·

113 2345 182 2404 rint,
206 2343 403 2393 sustineantur.
439 2341 488 2395 Srn
507 2348 599 2394 autem
624 2343 766 2394 arundinis
786 2342 912 2394 Graecae

114 2411 195 2476 copia
208 2425 264 2461 non
278 2410 343 2471 erit,
363 2409 398 2460 de
411 2410 559 2476 paludibus
572 2416 670 2461 tenues
684 2410 865 2476 colligantur,
885 2414 913 2458 et

113 2483 239 2528 mataxae
254 2477 356 2528 tomice
370 2476 405 2527 ad
418 2477 520 2528 iustam
529 2477 732 2544 longitudinem
743 2491 799 2526 una
813 2475 912 2525 crassi-

113 2545 210 2595 tudine
226 2541 437 2612 alligationibus
452 2549 654 2610 temperentur,
670 2543 733 2594 dum
747 2558 782 2594 ne
814 2543 858 2593 lus
872 2542 912 2591 in·

112 2617 157 2662 ter
177 2610 248 2661 duos
262 2610 352 2662 nodos
367 2611 416 2662 alli
437 2611 577 2663 ationibus
589 2611 672 2662 binos
690 2612 776 2677 pedes
797 2560 912 2671 iissem

115 2683 144 2728 et
161 2676 214 2729 bae
234 2677 269 2728 ad
288 2693 399 2732 asseres
415 2626 469 2741 futi
487 2681 722 2747 suprascriptum
741 2681 796 2741 est)
811 2678 912 2728 tomice

115 2745 284 2812 religentur,
309 2745 471 2813 cultellique
493 2747 589 2815 lignei
602 2747 632 2797 in
656 2761 703 2868 eppe
726 2746 917 2814 configanturz
