2054 3090
314 194 458 251 'LIBER
475 193 508 248 V.
537 195 623 247 csP.
643 195 701 249 lll.
881 192 918 248 Μ

108 296 250 366 gradatim
266 298 384 351 scandit.
419 297 509 366 Igitur
522 298 594 349 utin
608 311 681 366 aqua
693 295 828 348 undarum
842 295 915 350 deii·
933 339 938 350 .

108 364 306 432 gnationibus,
321 366 362 416 ita
374 366 403 416 in
418 380 488 417 voce
503 381 564 417 cum
576 364 697 417 offensio
711 364 788 415 nulla
797 364 914 430 primam

108 432 211 483 undam
220 432 457 499 interpellaverit,
472 448 527 483 non
539 433 678 485 disturbat
686 431 849 494 secundam,
863 447 914 483 nec

108 501 302 565 insequentes,
324 499 374 551 sed
389 514 485 551 omnes
500 501 561 552 sine
575 500 738 551 resonantia
750 499 916 565 perveniunt

108 566 143 616 ad
164 567 283 619 imorum
304 573 334 618 et
352 582 522 618 summorum
541 582 632 619 aures.
667 567 691 617 8.
710 566 785 633 Ergo
804 573 915 618 veteres

108 632 259 685 architecti
270 641 386 687 naturae
396 635 518 702 vestigia
530 636 672 702 persecuti
685 633 914 701 indagationibus

107 702 188 752 vocis
205 701 366 753 scandentis
386 700 559 753 theatrorum
578 701 756 770 perfecerunt
773 701 914 769 gradatio·

108 783 169 830 nes,
176 774 205 818 et
214 770 413 834 quaesiverunt
421 784 472 836 par
481 772 643 821 canonicam
655 766 913 820 mathematicorum

108 841 138 885 et
156 836 290 886 musicam
310 837 462 899 rationem,
482 843 514 888 ut
532 851 713 904 quaeeunque
726 851 782 887 vox
796 841 872 887 esset
884 836 913 884 in

108 916 205 965 scena,
220 903 324 954 clarior
338 910 367 956 et
376 905 491 955 suavior
501 905 537 955 ad
551 910 741 971 spectatorum
755 904 915 970 perveniret

103 983 200 1020 aures
235 970 284 1021 Uti
298 971 372 1022 enim
387 986 420 1021 or
441 986 493 1022 ana
506 971 536 1023 in
549 972 645 1023 aeneis
659 971 770 1023 laminis
789 976 837 1027 aut
852 984 912 1019 cor·

109 1037 169 1086 neis
189 1035 283 1089 echeis
304 1038 339 1089 nd
352 986 519 1089 chorintum
533 1040 643 1091 sonitus
657 1037 813 1089 claritatem
831 1035 912 1102 perti-
932 1060 936 1067 ·

109 1104 235 1166 ciuntur,
255 1105 297 1156 sic
307 1104 481 1157 theatrorum
496 1120 547 1172 per
560 1105 740 1158 harmonicen
756 1105 791 1154 ad
811 1117 912 1170 augen-

108 1170 172 1221 dam
187 1186 283 1223 vocem
298 1174 532 1225 ratiocinationes
548 1174 582 1224 ab
597 1172 720 1238 antiquis
737 1169 913 1223 suntconsti·

107 1243 194 1290 tutae.
387 1261 389 1265 v

414 1339 551 1394 CAPUT
567 1339 619 1393 lv.

372 1421 421 1477 Ds
437 1422 649 1478 Harmonice.

159 1508 332 1560 Harmonice
344 1514 438 1561 autem
452 1517 497 1563 est
508 1511 616 1562 musica
625 1511 785 1562 litteratura
796 1508 915 1560 obscura

109 1581 139 1626 et
148 1575 285 1639 difficilis,
299 1577 420 1628 maxime
430 1577 542 1644 quidem
552 1578 653 1646 quibus
664 1577 789 1629 Graecae
802 1574 915 1627 litterae

108 1658 164 1693 non
175 1649 240 1695 sunt
249 1649 347 1707 notem
367 1658 448 1711 quem
459 1646 484 1697 si
493 1647 622 1699 volumus
633 1645 788 1712 explicare,
798 1655 916 1694 necesse

109 1715 154 1761 est
170 1711 254 1762 etiam
274 1711 385 1778 graecis
395 1711 488 1764 verbis
506 1715 563 1777 nti,
582 1713 658 1781 quod
671 1711 806 1764 nonnulla
819 1725 915 1761 eorum

108 1778 211 1828 latinas
227 1794 281 1830 non
295 1775 402 1830 habent
414 1781 627 1899 appellationes.
663 1780 760 1847 ltaque
774 1783 806 1828 ut
816 1784 915 1845 potero

109 1859 191 1911 quarn
205 1846 382 1912 apertissime
397 1862 433 1900 ex
465 1849 603 1901 ristoxeni
619 1849 765 1916 scripturis
780 1845 916 1912 interpre-

109 1912 205 1974 tabor,
224 1913 329 1965 eteius
344 1913 516 1982 diagramma
530 1915 702 1968 subscribam
717 1912 915 1978 finitionesque

109 1980 252 2031 sonituum
266 1981 436 2050 designabo,
455 1984 496 2035 uti
511 1985 559 2051 qni
574 1981 739 2049 diligentius
754 1979 915 2041 attenderit,
957 2032 963 2043 ¹

108 2045 221 2098 facilius
236 2048 381 2117 percipere
395 2052 494 2168 Kossit.
530 2053 554 2101 2.
573 2049 637 2102 Vox
651 2049 724 2099 enim
735 2046 844 2098 duobus
858 2061 915 2097 mo·

110 2115 152 2166 dis
162 2121 301 2179 moretum
322 2117 396 2183 equi
416 2133 448 2169 us
460 2133 529 2169 unus
544 2115 630 2168 habet
642 2114 760 2167 effectus
773 2113 915 2166 continua·

108 2182 239 2243 tos‚alter
248 2183 394 2236 distantes.
430 2185 662 2236 Continuatarox
670 2196 762 2250 neque
774 2183 803 2233 in
813 2181 915 2232 finitio-

109 2249 190 2300 nibus
201 2251 333 2303 consistit
341 2266 432 2318 neque
442 2253 470 2303 in
481 2253 544 2303 loco
555 2252 624 2313 ullo,
635 2252 776 2318 efficitque
785 2251 916 2301 termina-

109 2317 202 2368 tiones
221 2333 278 2369 non
296 2325 474 2386 apparentes,
493 2319 642 2370 intervalla
657 2325 749 2370 autem
764 2318 858 2369 media
871 2331 916 2384 pa·

109 2385 211 2448 tentia3
231 2385 272 2437 uti
282 2400 411 2437 sermone
422 2402 483 2437 cum
494 2387 612 2439 dicimus
624 2387 681 2450 sol,
696 2387 757 2448 lux,
771 2385 837 2447 llos,
849 2399 913 2434 nox.

111 2451 158 2503 Sic
168 2452 257 2516 enim,
273 2453 409 2505 necunde
419 2454 580 2520 incipitnec
590 2455 638 2506 ubi
649 2454 766 2516 desinit,
780 2451 914 2517 intelligi·

109 2525 168 2581 tur,
185 2519 260 2586 quod
271 2535 368 2588 neque
378 2536 413 2575 cx
427 2519 511 2574 acuta
523 2522 600 2574 facta
614 2519 686 2602 [est]
699 2521 793 2589 gravis
813 2533 865 2568 nec
880 2531 913 2569 er

110 2588 190 2654 gravi
205 2594 288 2641 acuta
302 2596 418 2657 apparet
427 2589 549 2642 auribus.
585 2590 641 2641 Per
651 2587 810 2640 distantiam
822 2591 913 2636 autern

111 2656 296 2707 econtrario:
312 2672 431 2724 namque
440 2673 503 2710 cum
513 2656 637 2710 flectitur
646 2655 839 2708 immutatione
849 2668 913 2713 vor,

111 2723 229 2838 alialsliit
242 2729 326 2777 scuta
339 2725 410 2777 alias
419 2726 527 2795 gruris3
548 2727 648 2780 statuit
657 2739 688 2778 se
698 2724 729 2775 in
740 2721 914 2774 alicuiussn·

187 2800 267 2843 11¹⁸·
689 2795 716 2851 q
