2054 3090
108 182 139 229 tib'
306 180 360 230 DE
384 177 710 231 ARCHITECTURA

108 281 158 332 sed
173 279 292 331 inferior
304 283 393 333 maior
407 281 552 348 apparebit
566 280 646 343 ideo,
662 283 737 346 quod
750 281 868 335 babebit
875 283 911 334 ad

110 348 397 415 extremamplintbon
407 351 602 415 proiecturam.
637 349 778 418 Astragall
787 345 912 402 faciendi

110 421 174 466 sunt
189 422 304 467 octavae
316 417 403 483 partis
417 414 544 479 troclrili3
568 415 728 481 proiectura
744 418 799 468 erit
818 419 912 485 spirae

111 499 173 548 pars
189 492 288 535 octava
302 491 331 535 et
341 489 421 536 sexta
430 481 538 533 decima
547 482 739 536 erassitudinis
755 485 912 535 columnae.

110 553 133 602 4.
154 550 242 616 Spiris
256 550 389 617 perfectis
405 556 433 600 et
443 550 591 600 collocatis
597 586 604 611 ,
620 550 765 602 columnae
781 558 847 602 sant
858 566 912 601 me-

111 619 210 668 dianae
220 619 249 667 in
260 633 366 684 pronao
378 623 407 668 et
415 618 525 683 postico
541 617 577 666 ad
586 617 813 682 perpendiculum
827 618 914 668 medii

111 686 198 735 centri
216 685 411 735 collocandae:
432 684 579 752 angulares
594 690 687 734 autem
702 698 829 751 quaeque
846 698 909 734 ere·

112 754 195 818 gione
212 766 307 802 earum
322 751 433 802 futurae
450 752 557 803 suntin
571 750 706 802 lateribus
722 752 800 802 aedis
815 751 914 804 dextra

113 835 144 869 ac
154 819 281 880 sinistra,
293 820 333 869 uti
341 825 434 884 partes
443 819 593 868 interiores
600 831 670 884 quae
681 818 716 869 ad
725 819 848 884 parietes
858 818 914 868 cel·

112 887 156 936 lae
172 891 310 951 spectant,
326 886 361 936 ad
371 884 598 951 perpendiculum
612 885 686 937 latus
696 883 817 935 babeant
826 885 914 935 collo-

113 960 212 1004 catum.
247 953 410 1003 Exteriores
428 959 519 1003 autem
534 958 627 1018 partes
642 953 685 1001 uti
699 952 802 1003 dictum
817 952 851 1002 de
868 965 913 1001 ea-

112 1037 172 1071 rum
188 1026 372 1071 contractura.
409 1018 455 1071 Sic
470 1019 543 1069 enim
560 1023 642 1069 erunt
655 1019 760 1085 ligurae
776 1019 914 1084 composi-

113 1089 198 1139 tionis
218 1088 328 1138 aedium
348 1092 541 1138 contracturae
560 1086 635 1136 iusta
658 1087 767 1137 ratione
787 1091 914 1146 exactae,

114 1156 205 1222 scapis
221 1155 410 1206 columnarum
426 1154 548 1206 statutis.
583 1153 608 1204 5.
627 1153 818 1218 Capitulorum
830 1151 914 1203 ratio.

114 1224 144 1276 Si
159 1224 301 1289 pulvinata
310 1228 404 1284 erunt,
419 1221 462 1272 his
473 1221 642 1288 symmetriis
658 1218 915 1281 conformabuntur,

65 1299 68 1304 ·
114 1291 250 1355 utiquam
266 1305 377 1340 crassus
391 1291 462 1340 imus
477 1303 577 1355 scapus
596 1285 683 1339 fuerit
701 1286 797 1338 addita
816 1293 917 1337 octava

115 1357 223 1406 decima
235 1363 314 1421 parte
330 1357 420 1421 scapi,
436 1356 539 1406 abacus
553 1353 655 1406 habeat
669 1354 873 1421 longitudinem
888 1357 918 1403 et

114 1422 289 1474 latitudinem
296 1422 509 1473 erassitudinem
519 1420 756 1478 cumvolutiseius
763 1420 914 1471 dimidiam.

114 1489 310 1541 Recedendum
324 1495 415 1540 autem
426 1495 470 1540 est
479 1489 513 1540 ab
525 1495 649 1540 extremo
658 1488 745 1540 abaco
759 1489 789 1539 in
801 1487 917 1538 interio-

115 1573 174 1608 rem
188 1562 295 1622 partem
309 1554 448 1607 frontibus
463 1556 619 1607 volutarum
633 1561 711 1622 parte
722 1553 917 1622 duodevigesi-

115 1639 171 1686 ma,
182 1624 281 1675 eteius
292 1623 418 1686 dimidia,
435 1630 464 1674 et
472 1623 624 1674 secundum
634 1623 749 1674 abacum
758 1624 787 1673 in
798 1627 918 1689 quatuor

115 1691 239 1758 partibus
246 1691 404 1742 volutarum
413 1692 565 1742 seeundum
577 1690 694 1742 extremi
699 1690 780 1740 abaci
785 1688 917 1757 quadram

30 1813 35 1822 ,
117 1761 208 1809 lineae
226 1758 428 1820 demittendae,
450 1766 520 1826 quae
541 1755 646 1810 catheti
664 1757 801 1808 dicuntur.
838 1757 919 1807 Tune

116 1823 918 1892 crassitudodividendaestinpartesnavemetdimidiam3

117 1909 152 1945 ex
169 1908 269 1944 novem
288 1894 412 1961 partibus
428 1900 457 1944 et
471 1892 588 1944 dimidia
605 1906 660 1951 una
678 1906 742 1958 pars
758 1897 786 1942 et
805 1888 920 1941 dimidia

118 1962 197 2011 abaci
212 1961 368 2012 crassitudo
385 1961 571 2027 relinquatur,
591 1958 717 2025 reliquae
733 1967 798 2009 octo
814 1956 919 2008 volutis

118 2030 330 2079 constituantur.
367 2026 490 2078 6..Tunc
509 2026 542 2076 ab
562 2026 652 2088 linea,
676 2039 747 2093 quae
761 2024 919 2075 'secundum
940 2088 943 2094 Ι

118 2094 198 2144 abaci
208 2102 358 2146 extremam
375 2101 482 2161 partem
498 2094 619 2145 demissa
632 2092 700 2154 erit,
714 2093 743 2142 in
757 2091 920 2142 interiorem

117 2167 224 2226 partem
237 2161 292 2212 alia
301 2162 416 2212 recedat
425 2162 506 2212 unius
517 2169 545 2211 et
555 2160 715 2211 dimidiatae
725 2159 813 2225 partis
827 2157 920 2208 latitu-

119 2228 191 2276 dine.
226 2226 335 2277 Deinde
351 2242 400 2277 eae
415 2229 508 2279 lineae
519 2227 677 2278 dividantur
686 2226 740 2287 ita,
755 2230 787 2275 ut
801 2231 921 2290 quatuor

118 2299 212 2358 partes
229 2300 259 2343 et
273 2293 388 2344 dimidia
402 2296 452 2346 sub
469 2295 555 2345 abaco
567 2293 766 2360 relinquantur.
802 2291 884 2341 'l'unc
893 2291 922 2340 in

119 2375 153 2410 eo
164 2360 238 2422 loeo,
266 2361 294 2409 ui
304 2361 383 2411 loeus
394 2362 494 2413 dividit
503 2367 622 2428 quatuor
633 2370 662 2410 et
671 2358 813 2409 dimidiam
825 2363 854 2408 et
863 2363 922 2408 tres

121 2433 149 2478 et
163 2427 231 2478 dimi
262 2443 305 2477 am
322 2437 442 2494 partem,
459 2435 583 2480 centrum
599 2427 675 2477 oculi
684 2427 810 2493 signetur
816 2462 824 2487 ,
839 2424 922 2475 duea-

121 2499 219 2612 tmpue
234 2509 270 2546 ex
285 2509 319 2547 eo
334 2501 430 2546 centro
444 2496 565 2547 rotunda
575 2493 736 2553 circinatio,
751 2499 808 2543 tarn
821 2506 923 2558 magna

119 2576 176 2680 {tiit
193 2630 268 2681 oculi
285 2630 462 2697 magnitudo,
483 2636 511 2681 et
525 2630 554 2678 in
571 2642 605 2678 ea
621 2625 733 2677 catheto
750 2624 943 2691 respondeas·

120 2694 273 2748 diametros
289 2704 396 2765 agatur.
433 2698 512 2748 Tune
521 2695 555 2746 ab
565 2708 672 2746 sunrmo
684 2693 736 2745 sub
747 2692 835 2742 abaco
850 2692 928 2741 ince-

177 2563 310 2625 iametro,
325 2579 405 2629 quam
417 2577 542 2628 unapars
553 2576 588 2612 ex
599 2567 663 2611 octo
674 2559 800 2625 partibus
811 2565 868 2609 est:
890 2572 923 2607 ea
