2054 3090
108 195 157 244 2⁰²
307 191 361 245 ml
386 191 705 246 ARCHITECTURA

108 311 160 347 nus
174 294 290 348 caudam
303 295 477 364 prospiciens
487 294 561 347 Cetir
580 293 616 347 eb
631 308 666 348 eo
680 295 717 347 ad
726 294 907 364 Sagittarium

107 362 187 415 locus
198 369 242 415 est
249 364 349 415 inanis.
384 361 549 415 Turibulum
561 360 613 414 sub
623 362 786 432 Scorpionis
800 363 899 415 eculeo

111 431 242 497 centauri
262 431 371 498 priores
392 436 486 498 partes
509 431 652 498 proximae
675 436 740 483 sont
756 429 861 483 Librae
880 436 908 483 et

110 498 269 566 Scorpionis
287 504 366 551 tenet
376 497 406 548 in
423 498 550 549 manibus
570 498 747 550 simulacrum
764 498 808 561 iel,
833 499 905 566 quod

108 566 230 616 Bestiam
250 572 387 617 astrorum
406 565 490 633 periti
507 565 727 618 nominaverunt.
761 566 798 616 At
814 565 906 633 Virgi-

108 649 170 683 nem
190 640 219 684 et
231 632 354 684 Leonem
368 640 398 684 et
411 632 547 685 Cancrum
560 633 678 701 Anguis,
696 634 845 701 porrigens
860 649 906 701 ag·

108 715 170 750 men
188 700 345 764 stellarum,
363 701 484 752 intortus
503 701 654 769 succingit,
671 701 790 769 regione
808 700 905 751 Cancri

109 769 221 835 erigens
232 775 366 831 rostrum,
381 767 416 818 ad
430 767 553 819 Leonem
566 768 659 820 medio
679 783 715 819 ue
729 782 849 836 corpore
862 785 904 819 su·

108 836 214 887 stinens
234 836 388 898 Crotonem,
410 835 446 886 ad
464 850 629 902 manumque
672 836 772 904 irginis
791 835 905 888 caudam

108 902 272 966 subiiciens,
291 905 320 954 in
334 918 388 972 qua
398 904 475 954 inest
489 903 604 954 Corvus.
640 903 718 964 Quae
732 909 825 954 autem
844 913 905 954 sunt

108 986 192 1037 supra
210 971 337 1051 scapulas
354 984 493 1038 peraeque
512 977 578 1022 sunt
589 970 719 1023 lucentia.
754 972 779 1021 2.
797 971 840 1022 Arl
855 972 905 1021 An·

109 1040 171 1106 guis
185 1040 301 1090 interius
316 1039 420 1089 ventris
435 1038 485 1092 sub
500 1039 616 1090 caudam
629 1038 771 1090 subiectus
784 1044 829 1089 est
838 1038 906 1090 Gen·

109 1113 217 1158 taurus:
236 1108 315 1158 iuxta
328 1106 468 1158 craterem
487 1112 517 1157 et
528 1105 654 1158 Leonem
670 1104 756 1159 Neris
772 1112 818 1166 est
835 1121 906 1173 quae

109 1175 266 1226 nominatur
274 1176 362 1243 Argo,
378 1175 457 1226 cuius
468 1189 552 1242 prora
562 1174 738 1238 obscuratum
757 1173 906 1225 sedmalus

111 1249 140 1294 et
152 1257 222 1309 quae
236 1248 301 1293 suut
314 1243 389 1294 circa
402 1242 591 1310 gubernacula
603 1241 754 1301 eminentie
766 1241 906 1304 ridentur,

111 1311 224 1377 ipsaque
238 1310 365 1361 navicula
375 1317 404 1361 et
415 1310 514 1378 puppis
524 1325 575 1378 per
584 1325 717 1361 summam
729 1309 846 1360 caudam
857 1309 906 1359 Ga·

110 1379 139 1427 ni
152 1377 283 1444 iungitur.
319 1377 452 1429 Geminos
468 1383 559 1429 autem
577 1377 748 1429 minusculus
762 1375 845 1428 Canis
866 1391 907 1427 se·

110 1445 204 1511 quitur
213 1451 311 1495 contra
319 1445 423 1512 Anguis
434 1451 527 1514 caput:
546 1445 712 1497 maioritem
722 1444 848 1512 sequitur
858 1445 907 1494 mi-

110 1526 215 1563 norem.
251 1511 338 1562 Orion
349 1527 415 1563 vero
425 1519 599 1566 transversus
609 1520 653 1565 est
661 1513 817 1575 subiectus,
824 1526 907 1647 lpres-

111 1595 158 1630 sus
169 1579 271 1646 ungula
280 1580 379 1643 Tauri,
393 1595 476 1631 manu
486 1581 567 1632 laeva
578 1587 677 1633 tenens
689 1578 823 1700 [eligerem
853 1579 907 1630 cla-

111 1662 172 1696 vam
187 1646 275 1697 altera
289 1648 324 1698 ad
335 1647 467 1699 Geminos
481 1648 593 1701 tollens.
627 1648 652 1700 3.
670 1650 730 1716 Apu
762 1663 830 1699 vero
847 1647 907 1698 eius

111 1714 198 1765 basim
221 1715 303 1766 Canis
322 1730 407 1783 perro
425 1716 572 1767 intervallo
591 1716 740 1784 insequens
757 1714 905 1783 Leporem.

111 1783 197 1834 Arieti
213 1789 242 1834 et
251 1782 378 1834 Piscibus
389 1783 473 1835 Cetus
484 1790 528 1835 est
536 1784 691 1847 subiectus,
706 1799 723 1834 a
731 1783 810 1834 cuius
822 1783 908 1834 crista

112 1851 239 1902 ordinate
255 1851 378 1918 utrisque
390 1850 518 1903 Piscibus
532 1850 819 1919 dispositaesttenuis
832 1849 906 1901 fusio

112 1918 268 1981 stellarum,
280 1933 350 1984 quae
361 1932 461 1986 graece
471 1920 610 1971 recitatur
619 1916 774 1987 ἁρπεδόναις
793 1931 907 1986 magno-

113 2000 165 2051 que
179 1986 325 2037 intervallo
340 1986 477 2038 introrsus
496 2001 608 2054 pressus
626 1987 716 2038 nodus
730 1985 852 2037 Piscium
866 1990 906 2035 at-

112 2054 195 2120 tingit
209 2068 341 2103 summam
357 2054 420 2104 Ceti
435 2054 555 2106 cristam.
590 2054 704 2105 Eridani
714 2067 765 2121 per
785 2053 906 2121 speciem

112 2121 253 2171 stellarum
274 2119 375 2172 flumen
392 2120 519 2188 profluit,
539 2122 648 2173 initium
664 2121 750 2173 fontis
764 2121 876 2188 capiens
891 2134 908 2170 a

113 2188 192 2238 laevo
203 2188 273 2255 pede
285 2188 410 2240 Orionis:
431 2204 501 2255 quae
513 2204 579 2241 vero
590 2189 624 2240 ab
632 2189 752 2256 Aquario
764 2188 844 2240 iunli
852 2201 908 2238 me-

112 2260 235 2306 moratur
248 2271 331 2322 aqua,
345 2255 459 2323 profluit
471 2257 544 2308 inter
558 2257 647 2309 Piscis
659 2256 776 2308 austrini
788 2260 910 2325 caputet

113 2323 226 2374 caudam
241 2323 309 2374 Ceti.
345 2324 370 2374 4.
390 2323 467 2384 Quae
482 2325 601 2392 figurate
610 2324 783 2392 formateque
795 2329 860 2375 aunt
872 2322 907 2374 si·

113 2391 207 2458 derum
217 2391 354 2442 inmundo
370 2391 530 2454 simulacra,
545 2397 643 2444 natura
656 2392 802 2459 divinaque
814 2394 908 2443 mente

112 2460 271 2525 designato,
291 2466 322 2510 ut
337 2458 499 2511 Democrito
512 2458 629 2528 physico
643 2460 759 2528 placuit,
778 2457 908 2526 exposui3

111 2527 161 2578 sed
176 2540 209 2577 ea
222 2532 341 2589 tanturn,
361 2543 478 2595 quorum
490 2535 567 2580 ortus
582 2535 611 2580 et
626 2543 742 2579 occasus
761 2541 908 2593 possumus

111 2594 331 2647 animadvertere
348 2603 377 2646 et
389 2596 478 2646 oculis
493 2596 627 2648 contueri.
662 2594 787 2664 Namque
804 2595 846 2645 uti
860 2592 908 2647 Se·

111 2663 283 2730 ptentriones
298 2665 401 2715 circum
416 2663 476 2714 axis
491 2664 632 2715 cardinem
644 2668 786 2715 versantes
797 2677 852 2713 non
863 2676 908 2713 oc·

111 2730 219 2792 cidunt,
231 2744 320 2797 neque
331 2730 381 2781 sub
391 2737 493 2781 terram
504 2731 633 2796 subeunt3
653 2733 694 2782 sic
704 2737 734 2782 et
742 2731 818 2782 circe
826 2729 908 2781 meri·
