2054 3090
117 224 151 274 so
320 226 374 277 DE
401 227 719 280 ARCHITECTURA

405 345 537 397 CAPUT
562 345 629 398 Vll.

357 425 409 478 De
436 426 678 496 lapidicinis.

166 527 209 579 De
221 529 297 579 calce
308 535 336 579 et
347 544 431 579 arena
441 531 540 596 quibus
553 528 731 581 varietatibus
742 528 798 578 sint
808 533 837 578 et
847 542 916 594 quan

117 593 237 645 habeant
250 596 381 658 virtutes,
398 597 467 661 dixi3
486 600 612 664 sequitur
627 596 696 647 ordo
711 596 745 646 de
760 595 918 661 lapidicinis

118 662 271 727 explicare3
291 663 325 713 de
340 664 439 730 quibus
454 670 483 715 et
495 665 630 731 quadrata
639 678 707 714 saxa
719 668 748 713 et
762 669 918 713 caemento·

116 744 176 778 rum
192 729 227 780 ad
241 731 371 781 aedilicia
384 732 541 783 eximuntur
554 731 652 796 copiae
667 736 696 781 et
713 736 916 795 comparantur.

118 796 178 846 Hae
193 803 284 847 autem
297 799 474 849 inveniuntur
487 814 549 849 esse
565 797 721 864 disparibus
735 803 764 848 et
778 797 918 847 dissimili-

115 863 167 913 bus
177 864 336 915 virtutibus.
373 864 444 916 Sunt
453 866 525 916 enim
536 866 607 915 aliae
618 865 730 926 molles,
741 865 782 915 uti
792 870 857 915 sunt
867 865 918 914 oir-

116 944 150 980 ea
167 930 262 981 urbem
279 931 404 994 Rubrae,
419 932 588 995 Pallicnses,
602 933 765 994 Fidenates,
782 931 917 981 Albanae:

116 997 188 1047 aliae
198 1004 378 1064 temperatae,
389 1000 430 1050 uti
440 1000 616 1061 Tiburtinae,
627 999 823 1061 Amiterninae,
836 997 918 1049 Sora·

116 1065 222 1126 atinae,
234 1071 263 1115 et
273 1081 343 1131 quae
354 1073 419 1116 sunt
427 1064 471 1116 his
482 1067 643 1134 generibus:
662 1066 811 1116 nonnullae
822 1066 918 1127 durae,

117 1132 157 1182 uti
167 1132 291 1183 siliceae.
310 1132 380 1184 Sunt
389 1133 472 1184 etiam
481 1135 537 1184 alia
545 1133 797 1201 generaplura,uti
806 1133 917 1182 incam-

115 1199 199 1263 pania
211 1199 295 1250 ruber
309 1208 338 1251 et
351 1201 431 1267 niger
444 1199 559 1267 tophus,
573 1202 602 1251 in
613 1201 726 1252 Umbria
737 1207 766 1251 et
774 1199 878 1251 Piceno
890 1206 919 1250 et

118 1264 235 1317 Venetia
252 1266 344 1330 albus,
367 1270 414 1334 qui
431 1269 514 1319 etiam
532 1283 610 1319 serra
624 1269 738 1319 dentata
754 1268 795 1319 uti
812 1267 918 1333 lignum

115 1339 235 1383 secatur.
272 1336 296 1384 2.
316 1333 372 1385 Sed
384 1333 564 1399 haecomnia,
576 1350 646 1402 quae
656 1335 753 1386 mollia
763 1341 835 1397 sunt,
847 1333 918 1384 hanc

115 1396 220 1450 habent
232 1400 395 1463 utilitatem,
410 1403 485 1469 quod
499 1418 535 1455 ex
548 1402 590 1454 his
602 1419 670 1454 saxa
680 1419 740 1453 cum
753 1408 817 1452 sunt
826 1417 917 1452 exem-

115 1471 171 1532 pta,
181 1467 210 1517 in
222 1481 307 1533 opere
318 1467 440 1520 faciliter
449 1475 612 1533 tractantur,
621 1476 650 1521 et
660 1471 683 1520 si
694 1471 785 1520 sintin
795 1470 866 1519 locis
877 1474 917 1519 te-

116 1533 181 1595 ctis,
197 1536 337 1586 sustinent
350 1536 486 1600 laborem;
506 1539 548 1589 sin
563 1544 654 1588 autem
669 1539 697 1587 iu
711 1538 815 1603 apertis
830 1542 858 1586 et
870 1550 917 1602 pa-

114 1601 246 1664 tentibus,
256 1603 397 1669 gelicidiis
408 1610 436 1655 et
444 1607 545 1671 pruina
554 1611 689 1672 congesta
696 1602 816 1655 friantur
826 1609 855 1654 et
862 1604 918 1654 dis·

114 1668 270 1719 solvuntur:
289 1670 356 1720 item
370 1672 522 1722 secundum
536 1687 601 1723 oras
614 1673 766 1723 maritimas
781 1671 815 1722 ab
829 1671 916 1721 salsu·
930 1724 932 1728 ,

113 1735 178 1801 gine
191 1750 276 1788 exesa
286 1736 421 1801 diffluunt,
432 1753 522 1807 neque
533 1737 677 1806 perferunt
687 1744 789 1789 aestus.
817 1738 917 1789 Tibur-

113 1803 172 1853 tina
181 1818 248 1855 vero
260 1811 289 1854 et
299 1820 369 1870 quae
381 1806 478 1856 eodem
488 1821 591 1873 genere
601 1813 665 1858 sunt
674 1805 918 1868 omnia,suiierunt

114 1876 143 1920 et
160 1871 194 1921 ab
210 1872 342 1924 oneribus
360 1880 419 1924 eta
435 1873 648 1940 tempestatibus
664 1874 794 1935 iniurias,
813 1872 863 1923 sed
882 1871 916 1922 ab

112 1938 170 2005 igni
186 1954 241 1989 non
255 1946 374 2006 possunt
386 1955 449 1992 esse
463 1947 536 2003 tuta,
554 1941 691 2007 simulque
704 1946 736 1990 ut
749 1946 814 1991 sunt
827 1939 860 1989 ab
880 1953 915 1990 eo

113 2011 200 2068 tacta,
216 2006 358 2058 dissiliunt
372 2014 401 2058 et
411 2008 594 2125 dissipantur,
610 2008 675 2058 ideo
691 2007 766 2074 quod
779 2014 916 2073 tempera-

112 2079 176 2124 tura
184 2075 306 2124 naturali
314 2090 399 2140 parvo
411 2082 476 2126 sunt
503 2089 609 2137 umore,
619 2076 686 2125 item
697 2074 771 2141 quod
781 2088 837 2123 non
847 2073 916 2123 mul·

111 2147 169 2190 tum
181 2138 284 2191 habent
293 2143 407 2205 terreni,
418 2142 468 2193 sed
479 2144 552 2194 airis
563 2143 710 2209 plurimum
722 2147 750 2191 et
759 2141 841 2207 ignis.
862 2140 915 2207 lgi-

111 2213 157 2257 tur
167 2222 228 2257 cum
239 2214 268 2258 et
279 2206 379 2259 humor
389 2216 417 2260 et
427 2217 568 2261 terrenum
577 2211 605 2260 in
616 2208 659 2260 his
670 2210 759 2261 minus
768 2208 851 2270 inest,
857 2216 916 2258 tum

111 2275 196 2324 etiam
204 2275 369 2341 ignis‚tactu
380 2283 409 2329 et
418 2279 446 2328 vi
454 2279 565 2345 vaporis
578 2276 665 2327 erbis
676 2281 740 2327 ae're
751 2274 858 2342 fugato,
868 2289 915 2341 pe-

111 2341 339 2407 nitusinsequens
349 2345 756 2396 etinterveniorumracuitates
766 2357 916 2409 occupans,

110 2407 244 2460 fervescit
254 2410 371 2460 etefficit
379 2425 413 2461 ea
423 2412 480 2462 suis
492 2412 620 2463 ardentia
630 2410 794 2478 corporibus
803 2410 915 2462 similia.

110 2477 134 2527 3.
147 2475 287 2528 Suntvero
295 2479 361 2528 item
367 2478 534 2544 lapidicinae
540 2479 697 2545 complures
705 2477 840 2529 infinibus
847 2479 915 2528 Tar-

110 2545 294 2612 quiniensium
311 2560 381 2611 quae
396 2546 525 2597 dicuntur
538 2548 697 2609 Auitianae,
711 2545 807 2597 colore
822 2560 914 2611 quem-

110 2613 258 2663 admodum
275 2613 410 2676 Albanae,
431 2629 546 2680 quarum
566 2614 693 2664 officinae
711 2613 830 2663 maxime
850 2618 916 2663 sunt

109 2680 280 2733 circalacum
288 2678 914 2748 VulsiniensemitempraefecturaStatonien-

108 2749 141 2800 si.
177 2746 235 2799 Eae
250 2754 341 2798 autem
351 2746 583 2801 babentinlinitas
593 2750 722 2800 virtutes:
741 2748 914 2814 nequeenim
