2046 3352
111 199 156 247 152
304 196 357 248 DE
384 196 709 249 ARCHITECTURA

109 299 225 350 Foditur
243 298 317 350 enirn
338 298 412 350 inira
434 299 630 351 libramentum
650 299 768 350 molisii
786 298 909 353 altitudo

107 367 220 418 circiter
238 367 339 434 pedum
358 366 465 429 binum,
490 372 520 418 et
536 367 600 418 solo
616 367 748 418 -ilstucmu
768 367 911 420 inducitur

109 441 156 484 not
168 435 254 485 rudos
268 440 316 485 ant
326 439 480 484 testaceum
489 435 675 501 pavimentum
683 435 726 485 ite
735 433 911 502 instigatum,

110 503 176 551 utin
187 501 278 552 canali
288 498 390 551 babeat
398 514 489 552 nares.
525 500 634 552 lleinde
644 502 790 571 congestis
800 507 831 552 et
840 504 910 570 spis-

110 584 139 619 se
154 569 269 621 calcetis
284 567 450 618 carbonibus
464 567 606 619 inducitur
618 582 654 620 ex
662 568 799 620 sabulone
811 575 842 619 et
855 570 912 621 eal·

111 650 141 684 cc
158 641 187 684 et
199 634 296 684 favilla
303 635 391 685 mixtu
399 636 531 686 materies
542 635 729 686 crassitudine
743 636 910 703 semipedali

109 702 143 750 ad
159 702 284 768 regulam
299 708 329 752 et
343 701 481 765 libellam,
497 708 526 753 et
539 714 647 754 summo
662 702 828 754 libramento
846 709 911 754 cote

110 769 271 833 despumato
293 768 421 820 redditur
444 770 554 888 egeries
574 769 649 836 nigri
674 770 834 836 pavimenti.
870 771 912 821 ltu

109 835 243 886 conviviis
254 850 351 886 eornm
360 842 390 887 et
399 850 454 905 quo
483 836 593 903 poculis
607 842 637 887 nt
648 837 807 904 pytismatis
822 835 912 889 effun-

109 902 195 964 ditur,
211 903 293 954 simnl
303 904 584 971 cnditsicoeseitque,
598 903 701 970 quique
715 909 864 955 vermtru·
873 904 911 955 ibi

109 971 311 1033 ministrantes,
333 971 386 1021 etsi
405 971 486 1022 nudis
499 970 618 1038 pedibus
630 969 750 1033 fuerint,
768 986 825 1022 non
840 973 911 1022 reci-

109 1039 186 1103 piunt
194 1036 284 1105 frigus
296 1036 330 1088 ab
342 1039 401 1089 eius
411 1039 488 1090 modi
497 1051 600 1106 genere
613 1038 773 1105 perimenti.

412 1136 544 1191 CAPUT
569 1137 605 1191 V.

241 1220 288 1274 De
306 1221 433 1276 satiens
446 1222 608 1291 pingendi
620 1221 772 1288 parietes.

159 1306 267 1356 Ceteris
276 1304 469 1367 conclavibus,
481 1306 510 1356 ld
520 1311 566 1357 ost
572 1307 682 1370 vernis,
693 1305 911 1367 autumnalibus,

109 1373 237 1434 aestivis,
255 1375 340 1424 etiam
354 1373 435 1423 atriis
449 1378 479 1423 et
490 1373 646 1441 peristyliis
660 1373 830 1424 constitutae
845 1380 912 1424 sunt

109 1439 143 1488 ab
158 1440 278 1506 antiquis
292 1454 329 1492 ex
340 1439 426 1490 certis
439 1439 523 1491 rebus
537 1441 770 1492 numerationes
790 1441 911 1507 pictura·

109 1521 180 1555 rum:
191 1518 309 1574 numque
320 1507 525 1626 picturalmago
536 1508 644 1570 litoius,
650 1508 726 1575 quod
735 1514 780 1558 est
790 1522 841 1559 seu
850 1513 911 1574 pot-

110 1579 236 1636 estesse,
257 1575 298 1623 uti
309 1572 439 1635 bominis,
449 1589 482 1625 ae
502 1575 674 1638 ilicii‚navis
684 1575 737 1626 reli
759 1589 911 1642 uarumque

109 1654 363 1709 rerum,equarum
374 1640 667 1710 linibuscertisqueco
703 1642 746 1693 ori
766 1642 912 1708 usliguru·

107 1715 137 1758 te
155 1708 336 1767 similitudine
354 1715 499 1760 sumuntur
510 1709 646 1776 exempla.
705 1725 724 1761 x
742 1723 778 1760 eo
792 1709 911 1776 antiqui,

108 1776 153 1842 qui
170 1776 250 1827 initia
269 1776 487 1843 expolitionibus
506 1778 702 1839 instituerunt,
722 1776 825 1827 imitati
846 1784 912 1827 sunt

107 1844 226 1909 primum
239 1850 393 1896 crustarum
407 1858 624 1896 marmorearum
633 1844 789 1905 ,senentes
804 1848 833 1894 et
853 1843 911 1894 col-

106 1911 277 1974 locationem
292 1911 393 1962 deinde
402 1925 570 1963 coronarum
580 1917 610 1963 et
619 1911 787 1962 silaceorum
797 1907 910 1977 [minia-

107 1976 287 2046 ccorumque]
300 1993 450 2030 cuneorum
459 1979 533 2030 inter
543 1994 574 2031 se
585 1979 676 2030 varias
687 1977 910 2030 distributiones.

107 2047 130 2095 2.
151 2045 255 2097 Postea
264 2047 387 2112 ingressi
397 2052 472 2108 sunt,
489 2054 521 2097 ut
532 2048 616 2098 etiam
629 2046 826 2097 aedificiorum
840 2045 910 2112 figu-

107 2127 152 2162 ras
169 2113 414 2180 columnarumque
429 2119 458 2164 et
476 2113 656 2181 fastigiorum
670 2113 825 2164 eminentes
847 2126 911 2180 pro·

107 2181 228 2230 lecturas
254 2180 441 2231 imitarentur:
466 2182 624 2249 putentibus
646 2186 739 2232 autem
760 2179 848 2242 locis,
867 2179 910 2229 uti

108 2247 232 2309 exedris,
253 2253 368 2313 propter
386 2249 594 2316 amplitudinem
611 2249 748 2315 pericuum
762 2261 911 2298 scenarum

107 2313 214 2364 frontes
229 2314 337 2380 tragico
353 2329 432 2367 mure
446 2321 494 2366 aut
512 2317 620 2368 comico
634 2330 687 2368 seu
699 2315 824 2381 satyrico
836 2314 910 2365 desi-

129 2386 236 2432 nerent:
257 2381 461 2434 ambulationes
472 2397 538 2435 vero
553 2390 667 2451 propter
681 2383 772 2450 spatia
786 2381 910 2449 longitu-

108 2396 180 2500 {inis
195 2449 378 2510 mrietatibus
393 2450 534 2531 topiorum
549 2455 681 2502 ornarent
690 2450 724 2501 ab
734 2449 820 2500 certis
831 2448 910 2500 loco-

107 2530 166 2567 rum
185 2517 403 2585 proprietatibus
423 2519 559 2587 imagines
572 2518 773 2585 exprimentem
793 2517 910 2634 pinffun-

106 2591 152 2635 tur
159 2586 235 2636 enim
244 2590 355 2652 portus,
371 2585 575 2653 promontoria,
591 2586 700 2648 littora,
710 2583 837 2646 flumina,
862 2599 909 2634 on·

105 2656 162 2714 tes,
181 2652 285 2719 euripi,
304 2650 382 2716 lana,
401 2653 470 2718 luni,
490 2659 616 2716 montes,
635 2665 751 2720 pecora,
817 2658 910 2703 toresz

106 2718 247 2771 nonnullis
260 2719 411 2771 locisltnm
425 2720 571 2790 signarent
584 2719 696 2788 mgalo
789 2718 795 2732 '
862 2716 910 2771 ba·
