2054 3090
149 194 181 245 32
351 195 405 248 DE
431 197 750 248 ARCHITECTURA

150 296 291 363 exemplar
303 298 338 348 ad
350 297 403 349 hoc
412 305 521 364 tempus
532 299 591 349 luto
601 305 714 349 tectum.
750 299 818 357 Item
832 297 862 347 in
872 297 953 363 Capi-

148 365 218 415 tolio
234 365 474 416 commonefacere
488 371 582 431 potest
592 372 621 416 et
631 367 789 433 significare
800 379 893 415 mores
906 379 952 415 ve-

147 433 261 483 tustatis
271 432 381 483 Romuli
393 448 458 483 casa
468 434 497 482 in
508 448 572 483 arce
584 448 726 484 sacrorum
736 433 898 483 stramentis
911 438 951 482 te-

148 505 201 551 cta.
237 498 261 551 li.
280 501 323 551 lta
332 499 375 550 bis
384 501 472 567 signis
484 501 517 550 de
529 501 648 567 antiquis
659 499 865 552 inventionibus
877 499 951 550 aedi·

149 568 274 617 liciorum
285 568 326 618 sic
337 582 370 618 ea
379 568 467 619 fuisse
478 569 678 619 ratiocinantes
688 583 835 633 possumus
846 566 951 616 iudica-

148 648 186 684 re.
220 635 286 684 Cum
298 642 389 686 autem
399 635 523 701 quotidie
533 633 662 685 faciendo
673 636 799 686 tritiores
809 649 905 684 manus
917 633 952 683 ad

148 701 349 751 aedificandum
363 701 561 768 perfecissent,
576 708 605 753 et
618 702 737 753 solertia
749 701 863 781 ingenia
873 715 951 751 exer-

148 769 236 818 cendo
247 782 298 834 per
308 770 537 820 consuetudinem
550 770 584 819 ad
595 776 669 820 artes
680 774 882 836 pervenissent,
893 773 952 818 tum

148 836 231 885 etiam
245 836 383 886 industria
396 838 424 886 in
436 837 534 887 animis
545 851 640 886 eorum
652 837 762 887 adiecta
774 834 906 902 perfecit,
922 844 952 885 ut

148 903 193 968 qui
208 900 321 952 fuerant
335 904 363 952 in
376 901 419 953 his
433 903 631 965 studiosiores,
646 903 741 954 fabros
754 917 816 954 esse
827 917 857 953 se
868 902 950 968 proli-

146 975 280 1020 terentur.
318 970 385 1019 Cum
396 985 463 1037 ergo
476 970 544 1020 baec
553 972 593 1020 ita
602 968 707 1021 fuerint
717 970 804 1037 primo
816 970 950 1020 constitu-

147 1043 188 1097 ta,
204 1043 232 1087 et
245 1043 345 1087 natura
358 1052 413 1087 non
428 1038 519 1087 solum
534 1038 661 1088 sensibus
674 1038 830 1088 ornavisset
840 1044 950 1104 gentes,

147 1105 377 1170 quemadmodum
386 1106 495 1171 reliqua
504 1104 698 1167 animalia,sed
709 1105 791 1154 etiam
802 1103 951 1171 cogitatio-

147 1171 227 1222 nibus
242 1178 271 1222 et
285 1173 411 1223 consiliis
427 1173 592 1223 armavisset
605 1179 726 1235 mentes,
741 1178 769 1222 et
783 1171 951 1222 subiecisset

147 1246 241 1288 cetera
251 1240 381 1290 animalia
391 1242 442 1291 sub
453 1246 602 1306 potestate,
611 1246 677 1291 tunc
687 1254 753 1290 vero
767 1254 781 1289 e
790 1237 950 1289 fabricatio-

146 1307 226 1357 nibus
237 1307 429 1357 aedificiorum
439 1308 576 1375 gradatim
587 1307 731 1374 progressi
742 1308 776 1356 ad
788 1312 896 1356 ceteras
908 1320 950 1355 ar·

147 1379 189 1424 tes
204 1380 233 1423 et
246 1373 407 1439 disciplinas
422 1390 437 1425 e
452 1374 514 1425 fera
528 1375 688 1442 agrestique
702 1375 761 1424 vita
774 1374 808 1423 ad
822 1387 949 1423 mansue-

146 1446 203 1490 tam
220 1441 409 1506 perduxerunt
426 1440 633 1493 humanitatem.
667 1443 692 1492 i.
712 1443 783 1492 Tum
801 1445 891 1490 autem
909 1442 949 1490 in-

146 1513 286 1558 struentes
294 1509 418 1559 animose
429 1517 458 1560 et
466 1510 670 1576 prospicientes
680 1509 832 1559 maioribus
843 1508 949 1575 cogita-

145 1574 268 1625 tionibus
278 1577 452 1628 exvarietate
463 1578 562 1628 artium
572 1578 645 1627 natis
654 1592 708 1627 non
717 1591 797 1627 casas
807 1575 948 1626 sedetiam

147 1642 245 1693 domos
263 1642 394 1695 fundatas
409 1651 438 1695 et
452 1645 582 1695 lateritiis
597 1644 750 1711 parietibus
765 1648 814 1693 aut
827 1657 842 1692 e
856 1642 949 1708 lapide

146 1715 266 1761 structas
277 1713 447 1778 materiaque
459 1718 487 1762 et
496 1712 592 1778 tegula
602 1717 690 1762 tectas
700 1711 835 1776 perlicere
849 1723 949 1774 coepe·

145 1783 221 1827 runt:
231 1778 330 1828 deinde
342 1779 583 1830 observationibus
593 1778 747 1829 studiorum
759 1776 948 1843 evagantibus

146 1845 257 1895 iudiciis
272 1851 301 1895 et
311 1847 426 1897 incertis
438 1847 472 1897 ad
484 1852 575 1896 certas
588 1846 810 1912 symmetriarum
823 1845 948 1893 rationes

146 1912 343 1978 perduxerunt.
366 1913 471 1965 Postea
481 1930 541 1964 cum
553 1904 806 1963 animadverterunt
815 1909 947 1977 profusos

146 1995 208 2030 esse
219 1987 314 2046 partus
325 1986 439 2032 naturae
451 1982 486 2031 ad
496 1982 653 2042 materiam,
662 1986 697 2045 et
707 1978 891 2030 abundantem
902 1992 947 2028 co-

145 2048 218 2112 piam
229 2049 264 2097 ad
275 2048 484 2099 aedificationes
495 2048 529 2098 ab
540 2063 574 2098 aa
588 2054 786 2114 comparatam,
801 2047 947 2097 tractando

146 2116 320 2166 nutriverunt
332 2122 360 2165 et
371 2123 477 2166 auctam
489 2129 538 2181 per
552 2121 627 2166 artes
642 2120 810 2165 ornaverunt
822 2112 947 2179 volupta-

145 2182 219 2230 tibus
240 2181 406 2247 elegantiam
426 2184 508 2234 vitac.
544 2183 633 2248 lgitur
650 2182 684 2232 de
702 2180 745 2231 bis
762 2179 857 2242 rebus,
875 2196 947 2247 quae

145 2254 210 2298 sunt
226 2249 254 2298 in
273 2248 408 2299 aedificiis
429 2251 464 2299 ad
479 2266 557 2301 usum
572 2250 704 2311 idoneae,
723 2248 877 2314 quibusque
889 2249 949 2300 sint

146 2315 339 2382 qualitatibus,
355 2323 383 2366 et
396 2333 463 2383 quas
480 2315 600 2368 habeant
609 2317 737 2377 virtutes,
749 2321 779 2366 ut
788 2322 897 2380 potero,
907 2315 947 2364 di-

145 2399 214 2433 cam.
250 2383 274 2434 8.
295 2382 350 2434 Sed
365 2385 387 2433 si
404 2385 464 2449 quis
480 2385 514 2434 de
526 2385 622 2434 ordine
634 2382 715 2434 buius
725 2379 790 2433 libri
804 2383 947 2448 disputare

146 2451 277 2512 voluerit,
293 2451 367 2517 quod
379 2453 529 2517 putaverit,
545 2467 606 2502 eum
616 2452 734 2517 primum
744 2450 852 2499 institui
866 2464 947 2515 opor·

145 2519 244 2580 tuisse,
259 2533 293 2569 ne
308 2525 387 2583 putet
400 2534 442 2567 me
458 2521 604 2579 erravisse,
620 2519 661 2568 sic
676 2518 789 2568 reddam
800 2518 946 2567 rationem.

145 2585 211 2635 Cum
221 2600 321 2652 corpus
331 2585 534 2636 architecturae
544 2585 798 2650 scriberemprimo
807 2584 947 2634 volumine

144 2655 354 2720 putari,quibus
363 2654 566 2704 cruditionibus
579 2659 607 2702 et
617 2652 771 2716 disciplinis
783 2657 859 2702 esset
867 2665 947 2702 orua-

142 2725 180 2783 ta,
193 2735 342 2787 exponere.
355 2723 490 2787 finireque
500 2719 744 2770 terminationibus
756 2719 816 2769 eius
827 2718 947 2785 specics,
