2054 3090
269 202 396 279 ursan
412 203 497 257 vrri
526 203 610 255 cnr.
629 203 667 257 rr.
821 201 869 254 roo

67 296 279 373 chorographis‘
290 307 366 371 picta
383 305 504 370 itemque
522 306 627 370 scripta
645 303 765 370 plurima
781 306 867 357 maxi-

67 388 166 440 maque
176 373 355 423 inveniuntur
366 387 481 438 egressa
495 371 530 421 ad
543 371 772 438 septentrionem.
807 369 867 422 Pri-

66 447 195 508 mumque
209 441 238 491 in
248 439 327 489 India
337 439 448 517 Ganges
463 444 492 490 et
500 437 584 489 lndus
600 454 617 489 a
633 438 758 488 Caucaso
772 444 865 506 monte

67 511 208 570 orinatum
232 506 315 573 Syria
334 506 428 573 Tigris
452 513 480 556 et
497 503 668 572 Euphrates3
690 505 774 555 Asiae
798 506 866 556 item

66 576 158 629 Ponto
167 570 372 640 Borysthenes,
382 571 524 638 Hypanis,
535 573 651 636 Tanais;
671 569 785 622 Colchis
795 569 866 622 Pha·

67 645 121 707 sis3
143 640 236 692 Gallia
248 637 411 702 Rhodanus3
431 639 538 689 Celtica
552 637 678 702 Rhenus3
702 638 773 690 citra
781 639 865 704 Alpes

68 711 201 762 Timavus
217 712 245 757 et
259 705 365 770 Padus;
385 704 468 755 ltalia
480 706 589 770 Tibris3
607 706 765 769 Maurusia,
785 721 866 772 quam

68 776 160 828 nostri
171 773 367 824 Mauritaniam
377 771 529 838 appellant,
541 788 576 824 ex
584 779 679 823 monte
688 773 799 823 Atlante
809 773 866 839 Dy-

68 845 121 905 ris,
138 842 183 908 qui
195 846 271 891 ortus
282 854 317 890 ex
330 839 543 904 septentrionali
556 841 673 907 regione
688 840 867 906 progreditur

68 925 119 977 per
137 906 311 959 occidentem
330 906 365 956 ad
382 906 472 956 lacum
482 906 692 974 Heptagonum‚
713 912 742 956 et
759 914 865 957 mutato

68 976 180 1029 nomina
191 975 293 1025 dicitur
303 972 397 1040 Nigir,
412 973 512 1023 deinde
527 988 562 1024 ex
571 974 635 1023 lacu
644 972 805 1037 Heptabolo
815 973 867 1023 sub

69 1049 179 1095 montes
200 1042 327 1092 desertos
351 1039 534 1091 subterfluens
557 1055 607 1106 per
628 1039 782 1089 meridiana
804 1040 868 1089 loca

69 1116 163 1162 manat
177 1114 206 1158 et
219 1106 312 1158 influit
323 1107 351 1156 in
364 1106 506 1172 paludem,
521 1121 618 1173 quaea
637 1106 758 1172 pellatur
767 1143 866 1158 ......

70 1175 263 1242 circumcingit
274 1175 403 1236 Meroen,
419 1172 494 1238 quod
508 1179 551 1224 est
562 1122 728 1238 Aethiopum
738 1172 869 1223 meridia-

70 1255 168 1296 norum
177 1254 305 1310 regnum:
320 1240 354 1290 ab
364 1237 462 1306 hisque
472 1239 620 1306 paludibus
632 1255 662 1290 so
673 1241 866 1307 circumagens

69 1327 119 1380 per
136 1308 249 1360 flumina
262 1306 443 1358 Astansobam
461 1314 490 1357 et
501 1306 651 1358 Astoboam
669 1312 698 1358 et
717 1306 774 1357 alia
788 1307 869 1373 plura

69 1378 197 1446 pervenit
210 1385 260 1443 per
274 1380 384 1426 montes
404 1373 439 1423 ad
453 1371 667 1437 catarrhactam,
683 1373 717 1425 ab
731 1389 819 1442 eaque
837 1389 867 1425 se

68 1445 255 1514 praecipitans
286 1454 316 1492 er
326 1441 572 1506 septentrionalem
584 1440 713 1508 pervenit
721 1442 795 1493 inter
803 1440 866 1493 Ele·

69 1510 202 1580 phantida
226 1515 255 1559 et
296 1520 398 1576 yenem
422 1504 635 1576 Thebaicosque
661 1508 690 1560 in
711 1509 868 1578 Aegyptum

69 1592 195 1645 campos,
215 1581 244 1627 et
256 1577 296 1626 ibi
305 1572 385 1626 Nilus
398 1574 563 1642 appellatur.
598 1577 623 1626 1.
642 1574 686 1628 Ex
698 1574 869 1629 Mauritania

69 1653 160 1697 autem
175 1649 257 1759 caput
270 1640 328 1692 Nili
341 1640 480 1708 profluere
496 1658 530 1694 ex
544 1658 578 1694 eo
590 1644 708 1695 maxime
723 1643 869 1711 cognosci-

68 1720 127 1774 tur,
146 1725 201 1776 quo
235 1724 271 1760 ex
283 1709 373 1758 altera
389 1716 468 1775 parte
482 1711 585 1761 montis
599 1709 719 1760 Atlantis
733 1716 798 1760 sunt
812 1710 869 1759 alia

18 1809 21 1815 -
70 1780 162 1844 capita
172 1779 239 1825 item
249 1773 416 1840 profluentia
427 1776 462 1826 ad
471 1777 645 1828 occidentem
654 1791 802 1837 oceanum,
816 1776 868 1825 ibi·

69 1859 123 1912 que
134 1847 284 1892 naseuntur
293 1839 506 1905 ichneumones,
524 1841 661 1894 crocodili
672 1847 701 1893 et
711 1842 783 1892 aliae
794 1843 868 1892 simi-

68 1914 111 1961 les
127 1909 280 1958 bestiarum·
290 1907 461 1974 pisciumque
472 1914 587 1960 naturae
605 1915 717 1974 praeter
734 1906 868 1975 hippopo-

68 1985 169 2028 tamos.
204 1972 229 2022 8.
247 1973 322 2051 Ergo
334 1986 396 2023 cum
407 1975 499 2026 omnia
509 1972 657 2042 [maxima]
673 1972 787 2025 flumina
799 1972 868 2042 [ma-

69 2037 275 2111 gnitudinibus]
289 2054 319 2088 rn
336 2038 411 2090 orbis
425 2046 561 2091 terrarum
580 2040 813 2106 descriptionibus
834 2042 868 2091 ab

68 2105 413 2176 septentrionemdeantur
439 2105 692 2174 roiluere,hfriqua
704 2109 806 2174 campi,
822 2109 867 2174 qui

68 2182 134 2228 sunt
143 2176 172 2224 in
183 2172 345 2223 meridianis
356 2187 405 2237 par
448 2183 480 2224 us
497 2173 617 2226 subiecti
627 2173 696 2225 solis
708 2176 814 2236 cursui,
829 2175 867 2225 la·

67 2249 160 2295 tentes
171 2240 281 2307 penitus
292 2238 412 2290 habeant
421 2238 566 2304 humores,
581 2256 634 2293 nec
646 2238 739 2294 fontes
754 2242 868 2294 crebros

69 2322 218 2375 amnesque
227 2321 321 2368 raros,
336 2306 502 2373 relinquitur
510 2307 552 2359 uti
560 2308 648 2361 multo
659 2306 780 2375 meliora
793 2310 868 2360 inve-

67 2377 180 2428 niantur
191 2374 283 2439 capita
292 2372 424 2436 fontium,
435 2388 508 2440 quae,
518 2376 553 2426 ad
563 2376 783 2443 septentrionem
793 2376 868 2443 aqui-

68 2445 196 2495 lonemro
208 2445 347 2506 spectant,
364 2440 420 2492 nisi
434 2441 458 2492 si
468 2441 619 2494 inciderint
628 2443 658 2494 iu
672 2441 868 2510 sulphurosum
887 2482 904 2496 „

67 2511 160 2562 locum
171 2514 219 2559 aut
232 2508 415 2559 aluminosum
429 2507 698 2572 seubituminosum3
718 2515 785 2561 tunc
796 2511 868 2561 enim

67 2581 268 2644 permutantur,
279 2580 309 2625 et
318 2582 366 2626 aut
374 2575 482 2626 calidae
493 2589 580 2644 aquae
592 2581 640 2629 aut
648 2576 685 2628 fri
718 2577 868 2629 dae'odore

68 2643 142 2695 malo
159 2649 188 2693 et
201 2654 302 2708 sapore
315 2641 486 2710 perfundunt
496 2642 599 2696 fontes.
635 2641 659 2696 9.
706 2659 775 2713 oque
796 2646 868 2697 enim

70 2710 177 2761 calidae
192 2724 279 2776 aquae
294 2717 338 2762 est
352 2711 409 2762 ulla
420 2710 590 2778 proprietam
613 2712 664 2763 sed
678 2711 782 2782 frigida
798 2729 870 2780 aqua¹
