2054 3090
332 217 462 269 LlBER
479 217 530 270 Vl.
558 218 643 270 CAP.
661 219 682 271 l.
861 218 910 267 llil

104 318 335 372 *inclinationibus
345 319 439 369 mnndi
450 320 662 370 constituantur.
697 317 766 369 Nam
787 318 910 368 dealiter

107 389 251 458 Aegypto,
267 387 350 437 aliter
364 385 514 452 Hispania,
529 401 585 436 non
599 386 699 437 eodem
714 333 797 436 modo
809 384 910 447 Ponto,

108 454 284 506 dissimiliter
297 454 400 506 Romae
418 454 482 503 item
502 454 603 505 ceteris
620 460 757 503 terrarum
774 461 803 502 et
819 453 910 518 regio-

107 536 171 571 num
185 520 402 586 proprietatibus
418 528 548 586 oportere
562 521 691 571 videntur
709 520 843 570 constitui
861 533 907 585 ge-

107 602 175 638 nera
191 588 394 638 aedificiorum:
415 587 490 653 quod
505 588 562 638 alia
574 594 653 654 parte
666 588 736 639 solis
750 602 833 637 cursu
846 601 907 652 pre-

107 655 191 704 mitur·
208 655 306 716 tellus,
326 654 382 704 alia
394 654 478 721 longe
496 655 579 706 abeo
601 655 699 718 distat3
720 654 775 704 alia
788 669 839 719 per
852 666 907 703 me·

107 721 183 771 dium
198 727 377 788 temperatur.
412 722 501 788 igitur
519 723 559 773 uti
579 723 743 773 constitutio
762 720 857 771 mundi
872 720 906 769 ad

108 799 201 838 terrae
215 789 334 854 spatium
349 788 530 840 inclinatione
545 787 672 856 signiferi
688 788 787 840 circuli
797 793 826 838 et
838 787 907 838 solis

108 870 192 905 cursu
205 855 363 921 disparibus
377 856 558 922 qualitatibus
571 856 738 907 naturaliter
756 861 801 906 est
820 854 906 905 collo-

108 928 182 983 cata,
193 922 229 972 ad
240 923 355 973 eundern
365 922 477 973 modum
488 924 571 973 etiarn
582 922 617 973 ad
627 938 657 973 re
680 924 773 973 ’onum
783 921 906 971 rationes

108 989 237 1054 coelique
258 991 408 1041 varietates
431 988 559 1044 videntur
587 990 650 1040 aedi
672 991 778 1042 ciorum
805 988 907 1038 debere

109 1055 194 1122 dirigi
208 1057 420 1107 collocationes.
456 1059 480 1107 2.
501 1056 556 1108 Sub
572 1057 763 1122 septentrione
779 1055 909 1105 aedilicia

108 1123 280 1175 testudinata
293 1130 322 1174 et
331 1124 449 1174 maxime
458 1125 590 1174 conclusa
600 1130 629 1175 et
638 1138 694 1173 non
705 1123 842 1188 patentia,
858 1120 908 1172 sed

109 1204 245 1240 conversa
260 1191 294 1240 ad
310 1191 414 1241 calidas
428 1197 521 1256 partes
540 1197 671 1255 oportere
691 1190 753 1240 fieri
768 1190 906 1240 videntur.

109 1256 214 1307 Contra
227 1264 319 1308 autem
334 1259 385 1308 sub
399 1258 504 1323 impetu
518 1257 587 1308 solis
606 1257 767 1308 meridianis
786 1256 908 1322 regioni·

108 1322 174 1386 bns,
189 1325 263 1390 quod
273 1331 434 1392 premuntur
443 1340 460 1374 a
470 1323 576 1387 calore,
589 1325 748 1391 patentiora
761 1337 908 1374 conversa-

110 1404 164 1456 que
178 1391 213 1441 ad
224 1394 444 1458 septentrionem
458 1398 488 1443 et
504 1392 662 1458 aquilonem
685 1398 749 1442 sunt
768 1390 907 1442 faciunda.

109 1457 151 1508 lta
166 1459 240 1525 quod
249 1461 323 1511 ultro
335 1466 434 1511 natura
442 1459 542 1522 laedit,
559 1466 618 1510 arte
629 1460 684 1511 erit
698 1458 908 1509 emendandum.

108 1524 179 1575 ltem
194 1527 309 1593 reliquis
322 1527 484 1595 regionibus
499 1526 534 1577 ad
544 1528 662 1578 cundem
678 1527 790 1578 modum
805 1532 908 1592 tempe-

110 1593 179 1655 rari,
203 1595 432 1660 quemadmodum
452 1595 561 1645 coelum
581 1601 624 1646 est
642 1595 678 1645 ad
698 1594 908 1645 inclinationem

69 1700 70 1703 ,
110 1660 205 1710 mundi
215 1662 391 1714 collocatum.
426 1662 451 1714 3.
469 1662 548 1712 llaec
559 1669 651 1713 autem
662 1677 697 1714 ex
707 1668 807 1712 natura
817 1675 909 1711 rerum

111 1732 176 1778 sunt
189 1728 445 1790 animadvertenda,
459 1736 487 1780 et
500 1729 715 1791 consideranda,
729 1735 811 1795 atque
824 1727 908 1777 etiam

110 1809 144 1845 ex
168 1793 299 1844 membris
330 1796 547 1863 corporibusque
575 1798 698 1863 gentium
727 1793 908 1847 observanda.

109 1861 236 1926 Namque
251 1860 295 1910 sol
309 1861 407 1927 quibus
421 1862 492 1913 loeis
509 1863 690 1928 mediocriter
705 1861 849 1929 profundit
864 1875 909 1910 va-

110 1942 208 1994 pores,
219 1927 247 1976 in
258 1925 301 1977 his
313 1935 461 1980 conservat
470 1944 589 1996 corpora
597 1935 763 1996 temperata:
784 1942 909 1994 quaeque

110 1996 238 2062 proxime
258 1995 394 2045 currendo
415 1995 564 2064 deflagrat,
584 1997 667 2062 eripit
686 1996 828 2047 exurendo
842 2001 910 2045 tern-

111 2068 270 2128 peraturam
280 2061 412 2113 humoris.
442 2064 552 2133 'Contra
560 2078 627 2114 vero
637 2063 812 2130 refrigeratis
819 2062 910 2128 regio·

112 2129 206 2192 nibus,
239 2130 296 2180 uod
306 2130 406 2180 absunt
416 2145 432 2179 a
441 2130 557 2181 meridie
567 2131 664 2196 longe,
679 2145 735 2180 non
749 2128 910 2181 exhauritur

113 2212 130 2246 a
144 2197 232 2247 calori
252 2214 284 2248 us
300 2195 412 2258 humor,
432 2197 483 2248 sed
501 2211 536 2248 ex
554 2196 634 2247 coelo
654 2197 782 2248 roscidus
802 2199 862 2259 adr,
882 2197 909 2245 in

113 2278 233 2329 corpora
246 2264 364 2316 fundens
375 2262 530 2326 humorem,
549 2265 633 2316 efficit
650 2265 799 2330 ampliores
813 2278 910 2330 corpo·

112 2338 223 2382 raturas
236 2333 369 2399 vocisque
384 2333 493 2383 sonitus
508 2331 661 2411 graviores.
696 2332 739 2384 Ex
755 2347 789 2383 eo
801 2344 911 2398 quoquc

113 2399 164 2448 sub
188 2400 423 2464 septentrionibus
445 2405 605 2450 nutriuntur
625 2406 723 2466 gentes
745 2397 911 2450 immanibus

114 2467 295 2531 corporibus,
316 2466 440 2517 candidis
460 2465 615 2527 colori-bus,
638 2466 744 2517 directo
765 2465 867 2532 capillo
882 2469 911 2513 et

112 2533 190 2596 rufo,
204 2535 292 2585 oculis
303 2534 414 2596 caesiis,
426 2533 560 2601 sanguine
570 2533 667 2595 multo,
679 2534 809 2600 quoniam
820 2531 853 2582 ab
863 2529 912 2581 hu-

113 2601 200 2651 moris
215 2601 348 2667 plenitate
363 2600 492 2671 coelique
502 2599 764 2667 refrigerationibus
774 2605 839 2650 sunt
848 2614 912 2651 con-

112 2667 235 2720 formati.
270 2669 295 2719 4.
316 2669 370 2730 oui
384 2675 477 2720 alitem
491 2673 556 2720 sunt
566 2668 687 2734 proximi
702 2667 736 2718 ad
745 2683 824 2719 axem
831 2665 911 2717 meri-

114 2737 225 2787 dianum
239 2737 413 2803 subiectique
427 2737 497 2788 solis
508 2736 615 2800 cursui,
627 2735 803 2788 brevioribus
815 2749 911 2802 corpo·
