2054 3090
124 199 174 250 ²3⁰
324 197 380 250 nil
397 198 728 252 ARCHITECTURA

126 302 196 353 etin
210 299 254 352 his
269 299 451 352 foraminibus
467 302 592 354 omnibus
607 302 707 353 calculi
715 300 829 353 rotundi
839 300 924 352 collo·

124 375 232 431 centur,
246 369 329 436 inque
340 369 400 420 eius
410 370 533 436 tympani
543 368 627 421 theca
637 369 708 434 (sire
718 368 747 419 id
757 368 925 421 loculamen-

122 443 181 487 tum
193 440 247 500 est)
258 436 308 487 liat
317 436 444 487 foramen
453 452 536 487 unum
547 435 651 489 habens
662 435 859 498 canaliculum,
873 450 925 503 qua

125 503 240 566 calculi,
259 503 343 572 quiin
355 518 388 554 eo
398 510 530 570 tympano
546 503 671 570 impositi
683 503 800 564 fuerint,
815 517 877 559 cum
890 501 925 552 ad

126 586 187 621 eum
203 570 296 621 locum
306 571 447 633 venerint,
459 571 488 621 in
502 569 604 622 rhedae
624 586 657 622 ca
674 587 735 622 sum
749 577 835 621 etuas
845 583 925 621 aene·

126 654 182 699 um,
201 637 275 704 quod
296 638 349 688 erit
367 639 553 704 suppositum,
574 586 678 705 singufi
692 637 792 688 cadere
808 637 925 704 possint

125 707 149 755 4.
168 705 211 755 lta
226 720 286 755 cum
303 710 366 754 rota
396 705 561 772 ingrediens
577 720 672 756 secum
686 711 754 772 agat
766 710 925 771 tympanum

126 774 217 833 imum,
226 778 255 823 et
262 721 430 823 denticuflrm
440 773 500 823 eius
511 773 629 840 singolis
640 771 845 824 versationibus
856 778 926 838 tym-

123 840 189 905 pani
202 839 354 906 superioris
369 840 525 890 denticulos
540 840 659 905 impulsu
669 846 753 907 cogat
762 839 924 907 praeterire,

125 908 238 969 efficiet,
250 913 288 969 ut,
301 921 361 956 cum
372 908 576 974 quatercenties
585 909 669 958 imum
678 914 817 958 versatum
829 905 922 968 fucrit,

124 975 250 1041 superius
265 980 323 1041 tym
344 989 424 1025 anum
436 974 523 1026 semel
533 976 750 1042 circumagatur,
761 983 790 1025 et
799 974 922 1025 ‹lenticu-

123 1042 175 1102 lus,
187 1043 234 1109 qui
244 1048 288 1092 est
297 989 414 1092 aflatus
426 1043 485 1093 eius
495 1043 575 1104 fixus,
585 1058 667 1093 unum
676 1040 844 1093 denticulum
853 1048 923 1108 tym-

124 1110 189 1174 pani
205 1108 281 1176 plani
295 1108 438 1175 producat.
475 1109 542 1160 Cum
559 1124 626 1177 ergo
641 1109 850 1176 quadringentis
864 1122 923 1159 ver·

124 1176 278 1228 sationibus
296 1177 345 1226 imi
363 1178 488 1244 tympani
506 1176 593 1227 semel
611 1177 738 1243 superius
757 1175 923 1237 versabitur,

123 1258 289 1311 progressus
307 1245 409 1294 efficiet
423 1245 515 1311 spatia
527 1244 627 1311 pedum
640 1243 729 1294 millia
743 1243 886 1323 quinque,¹
895 1242 923 1293 id

124 1317 171 1362 est
201 1311 375 1363 assusmille.
409 1312 452 1362 Ex
462 1325 496 1362 eo
507 1319 575 1378 quot
585 1310 686 1371 calculi
695 1309 864 1373 decrderint,
879 1325 923 1360 so·

122 1327 214 1428 nauso
223 1378 426 1445 singulamillia
436 1380 527 1430 exisse
537 1379 696 1430 monebunt.
731 1376 869 1431 Numerus
878 1391 923 1428 ve·

124 1459 154 1495 ro
170 1444 340 1496 calculorum
351 1445 450 1496 eximo
461 1445 610 1509 collectum
626 1460 731 1497 summa
741 1445 833 1497 diurni
841 1445 923 1496 milli·

124 1512 244 1562 ariorum
261 1512 369 1562 itineris
384 1527 526 1564 numerum
540 1513 682 1565 indicabit.
718 1511 743 1563 5.
761 1511 922 1580 Navigatio-

123 1579 205 1630 nibus
218 1593 284 1628 vero
299 1579 441 1641 similiter,
460 1581 556 1646 paucis
569 1580 651 1631 rebus
668 1580 858 1642 commutatis,
878 1593 922 1629 ea·

124 1646 186 1696 dem
197 1647 305 1697 ratione
317 1645 479 1698 efficiuntur.
513 1647 638 1715 Namque
647 1648 786 1699 traiicitur
794 1661 845 1712 per
854 1647 922 1699 iate-

121 1729 154 1764 ra
160 1715 296 1780 parietum
307 1713 367 1764 axis
376 1711 480 1765 habens
491 1722 570 1766 extra
577 1730 673 1766 navem
682 1713 869 1781 prominentia
878 1728 921 1764 ca·

121 1783 193 1849 pita,
204 1782 232 1831 in
243 1795 312 1849 quae
323 1780 501 1833 includuntur
511 1790 589 1833 rotae
600 1783 735 1834 diametro
745 1780 846 1848 pedum
856 1795 920 1849 qua·

121 1856 243 1911 ternum,
259 1847 393 1900 habentes
408 1849 483 1899 circa
491 1849 598 1901 frontes
608 1850 704 1901 affixas
713 1849 811 1915 pinnas
821 1862 920 1916 aquam

122 1922 280 1984 tangentes:
291 1917 358 1966 item
365 1915 473 1967 medius
482 1917 578 1968 axisin
588 1917 749 1968 medianari
756 1913 842 1967 habet
849 1921 920 1981 tym-

120 1999 219 2050 panum
235 1998 296 2033 cum
310 1998 365 2034 uno
380 1983 520 2035 denticulo
537 1985 642 2036 extanti
652 1990 731 2035 extra
740 1988 920 2034 suamrotun-

120 2051 243 2101 ditatem.
277 2050 318 2101 Ad
339 2065 400 2101 eum
419 2050 510 2101 locum
531 2051 686 2103 collocatur
704 2051 920 2102 loculamentum

120 2116 223 2168 habens
233 2117 368 2167 inclusum
379 2118 408 2168 in
418 2133 448 2168 se
458 2124 629 2185 tympanum,
643 2116 821 2186 peraequatis
832 2116 919 2169 denti-

118 2186 169 2234 bus
186 2184 394 2251 quadringentis
410 2185 638 2236 convenientibus
653 2182 795 2237 denticulo
813 2190 919 2252 tympa-

117 2253 155 2313 ni,
170 2251 243 2316 quod
260 2257 302 2301 est
314 2253 343 2301 in
357 2265 408 2301 axe
418 2252 565 2303 inclusum:
580 2259 726 2318 praetcrea
735 2251 770 2302 ad
779 2250 853 2303 latus
863 2251 919 2301 afli·

116 2333 180 2370 xum
190 2324 328 2369 extantem
337 2325 415 2369 extra
425 2320 622 2371 rotunditatem
632 2320 748 2371 alterum
757 2319 876 2370 dentem.
895 2315 920 2367 b.

117 2387 205 2438 Unum
219 2386 330 2452 insuper
343 2385 372 2436 in
385 2385 473 2436 altero
488 2387 673 2438 loculamento
690 2401 751 2439 cum
761 2400 796 2437 eo
807 2383 918 2437 confixo

117 2453 253 2505 inclusum
266 2458 425 2518 tympanum
436 2453 546 2519 planum
557 2453 591 2505 ad
602 2455 719 2506 eundem
731 2452 843 2505 modum
853 2451 918 2505 den·

114 2527 202 2572 tatum
210 2517 374 2586 [callaeciam
385 2519 613 2589 conuenientibus]
627 2520 754 2573 dentibus
765 2518 917 2581 denticulo,

116 2589 163 2656 qui
178 2595 221 2638 est
235 2588 270 2638 ad
283 2587 355 2637 latua
370 2588 440 2638 fixus
449 2589 574 2656 tympani
584 2588 658 2655 quod
669 2594 712 2639 est
721 2588 750 2639 iu
760 2587 850 2640 cultro
861 2585 917 2638 col·

114 2657 249 2736 meatum,
265 2653 305 2704 ita
318 2661 350 2734 ut
362 2669 412 2734 eos
427 2655 536 2719 dentes,
551 2657 599 2723 qui
612 2662 677 2707 sunt
689 2654 766 2736 plani
782 2652 916 2775 ΓΚΜ,

111 2722 232 2790 smguhs
246 2721 451 2773 versationibus
465 2723 591 2791 singulos
601 2723 698 2774 dentes
707 2737 780 2792 impe
804 2736 839 2774 eu
859 2720 916 2772 oin

45 2836 83 2896 ps
