2054 3090
288 210 414 262 claun
429 210 480 263 1v.
508 211 591 262 cnr.
609 210 647 263 11.
835 207 868 259 'o
942 174 945 180 ’

67 329 130 365 men
145 314 174 363 in
191 324 298 364 summo
313 311 428 379 fastigio
444 312 581 374 culminis,
597 311 711 361 undeet
725 310 869 360 columnae

13 403 16 409 ·
67 381 206 442 dicuntur,
218 387 247 430 et
261 386 383 430 transtra
394 386 423 430 et
432 379 570 445 capreoli3
586 379 611 429 si
621 377 782 440 commoda,
793 376 868 432 colu-

68 464 130 498 men
141 454 171 498 et
181 445 318 497 cantherii
328 447 516 512 prominentes
527 446 562 496 ad
573 451 725 497 extremam
733 443 870 512 subgrun-

67 516 218 566 dationem.
256 513 345 579 Supra
355 512 513 564 cantherios
524 513 636 580 templo,
648 511 747 564 deinde
758 514 871 578 insuper

67 582 118 632 sub
129 580 240 658 tegulas
252 585 361 630 asseres
372 581 412 630 ita
421 582 619 648 prominentes,
628 583 667 632 uti
677 582 799 647 parietes
808 594 870 645 pro·
913 582 916 588 '

67 650 183 699 iacturis
200 662 296 697 eorum
309 653 448 714 tegantur.
484 650 507 698 2.
527 648 569 698 lta
583 662 765 715 unaquaeque
781 661 826 697 res
842 652 870 696 et

68 716 159 766 locum
171 719 199 764 et
207 729 294 781 genus
306 721 334 764 et
345 714 470 764 ordinem
479 716 620 781 proprium
630 722 732 777 tuetur,
743 729 758 764 e
770 713 869 781 quibus
952 761 955 766 .

66 782 152 832 rebus
167 787 196 831 et
210 797 227 830 a
240 781 422 831 materiatura
435 781 529 832 fabrili
544 782 573 832 in
583 782 702 848 lapideis
713 787 742 832 et
751 795 868 830 marmo-

33 872 38 881 v
67 849 124 899 reis
139 847 249 899 aedium
265 863 406 898 sacrarum
421 848 663 899 aedificationibus
679 847 802 898 artifices
814 847 868 897 dis·

68 915 223 980 positiones
239 929 335 965 eorum
350 915 499 982 scalpturis
514 922 579 966 sunt
593 916 705 977 imitati,
721 921 750 965 et
764 928 811 963 eas
827 914 867 963 in-

69 983 214 1033 ventiones
228 981 435 1048 persequendas
449 989 623 1048 putaverunt.
659 981 725 1032 ldco
737 979 810 1047 quod
822 995 867 1029 an-

13 1050 15 1053 ’
67 1049 138 1117 tiqui
153 1046 228 1098 fabri
242 1049 362 1116 quodam
377 1050 407 1099 in
421 1049 485 1100 loco
499 1050 694 1110 aedificantes,
711 1063 772 1098 cunr
783 1047 823 1095 ito
833 1046 866 1095 ab

66 1116 249 1168 interioribus
278 1116 431 1182 parietibus
455 1116 490 1167 ad
516 1123 654 1167 extremas
678 1119 771 1179 partes
791 1113 869 1179 tigna

67 1184 254 1252 prominentia
262 1183 424 1234 habuissent
434 1183 581 1245 collocata,
592 1183 665 1232 inter
675 1182 753 1250 tigna
759 1184 869 1232 ‘struxe-

67 1257 141 1316 runt,
156 1265 296 1318 supraque
312 1265 431 1301 coronas
442 1257 471 1300 et
480 1249 595 1317 fastigia
604 1251 763 1301 venustiore
775 1247 868 1314 specie

67 1318 215 1371 fabrilibus
226 1318 357 1384 operibus
369 1324 549 1369 ornaverunt:
568 1325 626 1368 tum
635 1318 809 1384 proiecturas
836 1316 868 1366 ti-

88 1400 201 1448 norum,
216 1391 348 1453 quantum
364 1384 536 1447 eminebant,
555 1384 589 1435 ad
604 1384 705 1437 lineam
717 1390 868 1451 etperpen-

67 1403 190 1514 bronium
205 1454 342 1519 parietum
356 1459 586 1518 praesecuerunt:
606 1467 677 1519 quaa
687 1453 797 1518 species
808 1467 869 1502 cunr

67 1522 215 1572 invenusta
227 1521 263 1570 iis
277 1520 342 1573 risa<
354 1526 444 1582 esset,
463 1519 582 1571 tabellas
603 1521 644 1571 ita
662 1518 810 1580 formatas,
829 1518 868 1567 uti

68 1603 142 1638 nunc
151 1586 221 1638 fiunt
230 1585 376 1654 triglyphi,
384 1593 481 1637 contra
490 1587 631 1654 tignorum
641 1587 831 1653 praecisiones
842 1585 869 1633 in

68 1653 161 1706 fronte
172 1652 300 1716 fixerunt,
312 1660 340 1704 et
350 1669 397 1704 eas
409 1668 473 1705 cera
484 1654 616 1705 coerulea
626 1654 818 1720 depinxerunt,
830 1650 869 1701 uti

67 1722 258 1789 praecisiones
269 1723 407 1789 tignorum
418 1727 510 1772 tectae
520 1736 575 1772 non
587 1719 763 1771 offenderent
773 1720 868 1768 visum.

68 1791 110 1840 lta
127 1789 280 1840 divisiones
295 1789 436 1856 tignorum
451 1795 543 1839 tectae
559 1786 763 1856 triglyphorum
778 1786 869 1850 dispo-

68 1856 366 1922 sitioneintertignium
378 1861 407 1905 et
417 1854 612 1921 opamhaberc
622 1853 769 1905 inDoricis
781 1851 870 1917 operi-

67 1925 119 1974 bus
136 1930 297 2002 coepesunt.
333 1922 358 1974 3.
381 1920 488 1973 Postea
504 1922 591 1973 aliii'u
605 1921 668 1972 aliis
685 1919 815 1988 operibus
834 1918 867 1969 ad

69 1990 296 2056 perpendiculum
311 1988 517 2056 triglyphorum
535 1986 697 2039 cantherios
711 1985 866 2054 prominen-

68 2058 317 2124 tesproiecerunt,
335 2070 485 2124 eorumque
501 2056 675 2121 proiecturas
688 2056 867 2106 simaverunt.

68 2124 110 2175 Ex
121 2139 165 2187 eo,
175 2124 217 2175 uti
227 2139 242 2174 e
252 2124 393 2192 tignorum
405 2121 636 2189 dispositionibus
646 2119 791 2190 triglyphi,
799 2121 840 2172 ita
851 2136 866 2170 e

68 2189 274 2243 cantheriorum
284 2191 451 2258 proiecturis
462 2189 630 2240 mutulorum
640 2189 691 2241 sub
703 2189 814 2241 coronis
825 2203 866 2238 ra-

68 2259 108 2308 tio
123 2259 296 2310 estinvonta.
325 2259 368 2309 lta
377 2258 437 2309 fere
448 2258 477 2308 in
489 2256 619 2322 operibus
629 2256 748 2323 lapideis
759 2261 788 2308 et
796 2271 866 2305 mar·
919 2291 921 2296 .

68 2324 407 2377 nroreisnrutuliinclinati
423 2324 572 2390 scalpturis
582 2323 781 2386 deformantur,
792 2321 866 2389 quod

68 2392 186 2444 inritatio
207 2399 250 2444 cst
267 2391 488 2451 cantheriorum:
511 2392 613 2443 etenim
627 2391 785 2443 necessario
804 2403 866 2455 pro·

68 2467 129 2523 pter
136 2456 437 2526 stillicidiaprocllnati
445 2458 628 2510 collocantur.
647 2459 722 2527 Ergo
732 2455 866 2523 attrigly-

67 2523 183 2592 phorum
191 2527 394 2579 etmutulorum
404 2527 432 2577 in
438 2525 551 2576 Doricis
563 2525 693 2592 operibus
703 2526 775 2575 ratio
788 2537 820 2574 es
833 2537 866 2572 ea

67 2593 225 2646 inritatione
244 2594 358 2645 inventa
372 2600 423 2646 est.
458 2594 483 2644 4.
506 2591 570 2644 Non
585 2593 670 2656 enim,
690 2589 866 2659 quemadmo-

67 2660 130 2723 dum
147 2661 271 2714 nonnulli
288 2670 413 2713 errantes
430 2661 560 2714 dixerunt
572 2660 757 2711 fenestrarum
770 2659 825 2708 ima
846 2657 866 2706 i·

67 2743 115 2778 nes
123 2740 195 2780 este
206 2726 380 2797 triglyphos,
392 2730 433 2780 ita
441 2734 537 2796 potest
547 2743 623 2780 esse:
635 2727 709 2794 quod
718 2728 747 2778 in
758 2672 866 2795 angiffis
