2054 3090
326 178 518 263 nrana'rv.
546 209 629 262 cra.
647 209 698 262 rv.
881 208 914 262 aa

107 309 230 373 decima,
241 323 291 377 pro
301 317 363 362 rata
372 317 452 378 parte
464 312 540 363 liant.
575 311 606 361 ln
617 311 750 363 concluso
761 313 833 362 enim
849 316 913 364 aire

107 379 215 445 siquae
226 384 393 430 extenuatae
405 388 497 441 crunt,
513 394 568 429 non
583 379 789 430 discernentur:
810 382 853 430 sin
867 395 913 430 au-

108 453 165 497 tem
186 446 350 497 videbuntur
369 446 549 513 graciliores,
569 461 631 496 enm
649 447 836 497 exterioribus
854 447 913 497 iue-

108 515 166 563 rint
180 514 265 564 striae
281 512 349 581 [XX
362 512 423 581 aut]
439 513 547 576 XXIV,
567 515 595 565 in
608 511 657 565 'iris
673 513 819 565 faciendae
834 521 913 564 erunt

109 580 227 633 XXVlll
239 586 287 631 aut
297 580 412 632 xxxii.
449 582 491 632 lta
501 581 575 648 quod
586 579 742 632 detrahitur
750 582 784 632 de
795 596 912 647 corpore

109 649 201 714 scapi,
217 649 347 699 striarum
368 663 483 699 numero
503 649 614 699 adiecto
632 648 912 716 adaugeturrationa

109 716 286 781 quodminus
296 715 445 778 videbitur,
456 722 485 766 ct
494 717 535 767 ita
546 717 747 782 exaequabitur
757 717 862 782 dispari
872 731 913 766 ra-

108 785 187 833 tione
203 783 393 834 columnarum
403 783 570 834 crassitudo.
606 784 630 834 3.
649 783 713 834 Hoc
724 789 815 835 autem
830 784 915 834 efficit

110 865 145 899 ea
157 851 244 912 ratio,
259 850 334 916 quod
350 851 448 901 oculus
461 851 542 918 plura
556 857 585 901 et
602 850 746 901 crebriora
760 852 841 918 signa
854 856 913 901 tan·

110 917 203 984 gendo
219 918 325 968 maiore
345 919 420 968 visus
439 919 603 969 circuitione
621 924 796 985 pervagatur.
832 917 914 969 Nam·

110 999 164 1050 que
175 985 199 1034 si
210 983 281 1034 duae
292 985 438 1041 columnae
449 1000 537 1052 aeque
546 985 914 1036 crassaelineiscircumme-

110 1053 231 1114 tientur‚
247 1066 262 1102 e
274 1052 373 1119 quibus
383 1067 439 1103 una
448 1053 485 1103 sit
494 1067 550 1103 non
561 1053 661 1102 striata
669 1057 697 1102 et
707 1052 796 1102 altera
806 1052 913 1112 striata,

111 1125 140 1168 et
151 1119 226 1169 circa
235 1118 363 1186 strigium
375 1134 443 1170 cava
457 1127 485 1171 et
497 1119 617 1186 angrrlos
628 1120 757 1170 striarum
769 1119 844 1168 linea
854 1132 914 1168 cor-

109 1200 180 1251 pora
189 1190 295 1252 tangat,
306 1187 417 1247 tametsi
428 1186 573 1237 columnae
583 1200 671 1252 aeque
682 1200 793 1236 crassae
800 1184 913 1247 fuerint,

110 1253 203 1302 lineae
214 1268 285 1319 quae
297 1253 484 1304 circumdatae
496 1263 590 1316 erunt,
605 1260 753 1304 nonerunt
767 1253 913 1320 aequales3

110 1320 186 1385 quod
196 1320 326 1371 striarum
341 1327 370 1372 et
383 1321 511 1390 strigium
522 1321 655 1372 circuitus
664 1321 798 1372 maiorem
813 1321 916 1371 efficiet

110 1387 202 1437 lineae
216 1386 430 1455 longitudinem.
468 1387 516 1441 Sin
531 1394 624 1440 autem
638 1386 692 1439 hoc
710 1389 752 1440 ita
764 1388 914 1450 videbitur,

111 1460 219 1505 nonest
233 1455 354 1506 alienum
367 1455 397 1505 in
411 1458 538 1523 angustis
549 1456 621 1507 locis
632 1457 698 1507 etin
709 1457 914 1522 concluso-spa-

109 1521 151 1571 tio
162 1522 328 1588 graciliores
338 1523 528 1575 columnarum
538 1525 714 1590 symmetrias
724 1525 843 1590 inopere
851 1538 915 1573 con-

111 1589 243 1654 stituere,
258 1605 319 1640 cum
333 1587 483 1642 habeamus
495 1591 658 1643 adiutricem
670 1593 800 1643 striarum
811 1597 915 1656 tempe·

111 1661 242 1708 raturam.
278 1658 303 1708 4.
322 1657 412 1723 Ipsius
427 1665 518 1709 autem
533 1659 622 1710 cellae
632 1660 769 1725 parietum
785 1659 914 1709 crassitu-

112 1723 205 1774 dinem
214 1739 265 1791 pro
276 1730 338 1774 rata
347 1732 427 1790 parte
437 1727 636 1794 magnitudinis
647 1727 708 1777 lieri
719 1731 840 1792 oportet,
852 1725 914 1774 dum

113 1796 195 1841 antae
214 1796 311 1842 eorum
331 1792 563 1844 crassitudinibus
587 1794 777 1844 columnarum
797 1793 852 1843 sint
872 1806 915 1840 ae·

111 1858 221 1923 quales:
241 1864 270 1909 et
280 1859 304 1909 si
315 1861 450 1910 exstructi
459 1862 546 1912 futuri
556 1862 621 1925 sint,
631 1876 711 1927 quam
722 1859 915 1910 minutissimis

112 1927 263 1977 caementis
277 1931 431 1992 struantrm3
451 1929 604 1979 sinautem
624 1927 758 1996 quadrato
779 1941 847 1977 saxo
869 1932 917 1975 aut

112 1995 387 2053 marmoramaxime
409 1996 527 2047 modicis
545 1996 714 2062 paribusque
728 1995 839 2045 videtur·
853 2008 915 2044 esse

111 2058 282 2124 faciendum,
296 2080 300 2086 ·
312 2063 386 2127 quod
404 2063 497 2115 media
515 2068 682 2130 coagmenta
701 2062 786 2112 medii
808 2061 916 2126 lapides

112 2129 286 2179 continentes
306 2130 456 2181 firmiorem
472 2130 579 2181 facient
598 2131 687 2181 omnis
709 2130 803 2197 operis
826 2127 917 2195 perfe-

111 2196 247 2246 ctionem:
267 2197 335 2247 item
345 2198 448 2248 circum
460 2203 626 2264 coagmenta
636 2203 665 2249 et
679 2197 782 2248 cubilia
796 2198 916 2248 eminen-

105 2267 154 2312 tes
168 2264 365 2330 expressiones
380 2262 604 2332 graphicoteram
619 2266 740 2316 efficient
759 2265 787 2316 in
802 2270 916 2330 aspectu

111 2329 334 2382 delectationem.

419 2397 556 2451 CAPUT
582 2399 616 2452 V.

186 2462 235 2515 De
252 2464 388 2516 oedibus
407 2467 648 2519 constituendis
665 2465 837 2518 secandum

435 2533 596 2602 regiones.

160 2600 251 2650 Aedes
266 2604 359 2650 autem
373 2616 469 2652 sacrae
485 2601 600 2654 deorum
615 2603 814 2654 immortalium
830 2602 916 2651 adre-

111 2668 223 2734 giones,
240 2682 308 2733 quas
326 2675 454 2734 spectare
470 2668 585 2733 debent,
601 2672 643 2722 sic
654 2677 735 2721 erunt
747 2671 917 2720 constituen-

112 2735 178 2798 dae,
194 2735 249 2797 uti,
267 2735 293 2784 si
305 2735 383 2786 nulla
398 2737 471 2787 ratio
487 2737 660 2806 impedierit,
675 2738 819 2805 liberaque
832 2736 922 2795 inerit
948 2763 953 2772 ·

661 2807 717 2864 Ἡ
