2054 3090
304 197 529 260 Linuaviil.
558 200 641 252 CAP'.
659 200 714 252 Ill.
866 199 914 251 1⁴13

108 297 246 352 Similiter
261 298 427 366 Aethiopiae
441 301 518 353 lacus
533 307 591 365 ert,
607 303 655 369 qui
669 309 770 353 unctos
785 301 912 355 homines

108 367 207 430 efficit,
224 367 271 433 qui
281 368 312 417 in
322 381 357 417 ec
372 370 541 434 natavorint3
562 377 591 421 et
604 370 734 431 inludia,
750 370 797 435 qui
811 384 911 420 screno

107 435 191 487 coelo
221 434 326 485 emittit
353 435 410 486 olei
438 451 565 503 magnam
592 436 806 489 multitudinem.
842 436 911 486 ltem

107 500 276 569 Carthagine
284 501 348 552 fons
360 508 415 563 est,
425 503 454 553 in
465 518 519 570 quo
531 511 608 555 natat
617 507 732 570 insuper
742 504 833 554 oleum
844 503 911 553 odo·

107 585 139 621 re
153 575 185 620 ut
198 583 214 619 c
228 570 314 620 scobe
329 569 428 632 uitreo,
449 573 504 636 quo
521 572 585 622 oleo
601 573 686 623 etiam
701 585 805 636 pecora
819 570 912 620 solent

108 637 194 703 ungi·
220 634 364 702 Zacyntho
385 644 414 688 et
429 638 505 688 circu
523 636 729 705 Dyrrhachium
752 644 781 688 et
798 637 911 702 Apollo·

108 705 184 754 niam
202 702 296 754 fontes
315 709 391 767 sunt,
412 705 460 771 qui
472 705 544 771 picis
559 721 688 773 magnam
707 705 912 771 multitudinem

109 786 173 828 cum
183 785 256 836 aqua
264 777 386 822 vomunt.
424 771 480 823 Sub
490 771 637 840 Babylone
647 773 725 823 lacus
741 771 912 837 amplissima

108 836 303 905 magnitudine
318 839 366 903 qui
380 838 464 903 Λίμνη
479 834 631 905 inputant
645 840 813 906 appellatur,
828 836 913 888 habet

109 904 774 974 supranatansliquidumbitumen,quobitumine
786 911 815 956 et
823 904 911 957 latere

108 977 236 1024 testaceo
247 978 354 1022 structo
364 987 443 1024 muro
454 973 614 1025 Semiramis
629 973 813 1025 circumdedit
821 971 911 1037 Baby·

108 1041 211 1091 lonem.
247 1039 409 1107 ltemloppe
418 1041 447 1091 in
459 1040 554 1107 Syria,
567 1038 912 1106 Arabiaque‚Numidarum

109 1107 189 1158 lacus
202 1112 268 1157 sunt
279 1107 392 1158 immani
405 1108 609 1174 magnitudine,
630 1108 677 1173 qui
696 1107 826 1156 emittunt
841 1105 912 1157 bitu·

109 1175 193 1225 minis
212 1174 348 1224 maximas
366 1175 469 1237 moles,
490 1190 558 1241 quas
572 1175 708 1240 diripiunt
721 1173 768 1239 qui
787 1170 913 1224 habitant

111 1243 195 1292 circa.
230 1240 254 1292 9.
273 1240 305 1291 ld
315 1249 406 1292 autem
417 1257 473 1291 non
484 1248 527 1291 est
537 1241 704 1304 mirandum3
724 1254 787 1290 nam
797 1239 911 1289 crebrae

111 1315 176 1360 sunt
188 1307 229 1358 ibi
241 1307 410 1375 lapicidinae
425 1309 569 1359 bituminis
589 1308 660 1359 duri.
680 1328 682 1332 ¹
697 1308 765 1357 Cum
779 1321 847 1373 ergo
863 1321 913 1371 par

110 1376 307 1427 bituminosam
317 1381 420 1426 terram
429 1376 472 1426 ris
483 1376 603 1442 erumpit
610 1390 707 1443 aquae,
718 1389 812 1425 secum
823 1380 913 1425 extra-

112 1441 166 1504 hit,
181 1449 286 1494 etcum
303 1443 341 1494 sit
356 1457 473 1510 egressa
486 1449 567 1494 extra
581 1451 685 1494 terrum
697 1442 867 1504 secernitur,
884 1448 913 1490 et

110 1511 152 1560 ita
169 1510 264 1561 reiicit
281 1509 315 1561 ab
330 1511 509 1562 se'bitnmen.
544 1511 691 1578 Etiamque
706 1510 791 1561 estin
808 1509 912 1574 Cappa-

111 1577 194 1627 docia
203 1578 232 1627 in
240 1577 353 1640 itinere,
364 1579 439 1645 quod
450 1586 494 1630 ost
502 1580 575 1629 inter
584 1580 701 1630 Mazaca
711 1584 740 1629 et
749 1579 859 1638 Tuanu,
875 1575 912 1625 la·

83 1651 85 1653 ’
111 1661 160 1695 cus
171 1644 293 1711 amplus,
302 1645 332 1698 in
346 1660 427 1711 quera
441 1645 532 1696 lacum
542 1661 607 1712 pars
622 1648 681 1697 sire
695 1643 839 1695 arundinis
853 1643 913 1693 sire

111 1711 160 1761 alii
170 1712 282 1777 generis
293 1712 317 1760 si
329 1711 450 1763 demissa
459 1711 545 1764 inerit
555 1721 583 1763 et
592 1719 706 1779 postero
718 1711 764 1762 die
776 1716 912 1774 exempta,

112 1793 147 1829 ea
163 1792 241 1842 pars,
261 1792 332 1844 quoe
351 1778 438 1830 fuerit
455 1785 597 1845 exempta,
617 1779 774 1829 invenietur
792 1777 912 1842 lapidea,

112 1857 184 1910 quae
195 1850 287 1894 autem
296 1859 361 1909 pars
371 1853 476 1896 extraa
495 1861 559 1896 uam
568 1846 717 1905 manserit,
731 1849 876 1910 permanet
884 1843 912 1891 in

113 1926 164 1962 suu
179 1911 359 1976 proprietate.
396 1914 436 1962 lo.
454 1862 496 1963 hg
509 1912 627 1963 eundem
640 1911 752 1963 modum
765 1910 913 1975 Hierapoli

113 1977 255 2044 Phrygiae
268 1975 386 2029 efferret
398 1994 487 2046 aquae
501 1979 610 2030 calidae
625 1977 787 2039 multitudo,
808 1991 842 2029 ex
859 1991 914 2043 qua

113 2046 217 2096 circum
240 2042 338 2098 hortos
360 2051 392 2096 et
406 2047 502 2097 vineas
521 2046 607 2097 iossis
631 2045 721 2096 ductis
745 2044 911 2095 immittitur.

112 2111 914 2180 Haecautemeiiiciturpostannumcrustulapidea,etitu

113 2180 262 2247 quotannis
277 2179 377 2229 dextra
389 2195 423 2230 ac
437 2181 552 2231 sinistra
570 2181 711 2248 margines
730 2184 855 2233 exterra
872 2177 912 2228 fa-

113 2247 213 2298 ciendo
223 2247 359 2297 inducunt
369 2262 442 2310 eam,
457 2253 486 2298 at
496 2248 619 2300 efficiunt
627 2247 670 2299 his
681 2248 783 2299 crustis
796 2247 826 2298 in
837 2246 912 2312 agris

112 2322 200 2381 septa.
236 2314 301 2378 lloc
312 2315 573 2365 autemitaridetur
582 2315 747 2370 naturaliter
756 2312 913 2378 fieri,quod

112 2384 140 2432 in
160 2381 204 2433 his
218 2382 290 2433 locis
306 2388 335 2432 et
348 2396 382 2433 ea
394 2388 483 2445 terra,
503 2383 603 2449 quibus
619 2384 645 2434 is
665 2379 758 2453 [font]
779 2380 912 2441 nascitur,

112 2464 213 2501 succus
228 2448 326 2500 subest
339 2449 452 2516 coaguli
465 2457 580 2501 naturae
594 2450 707 2502 siusilisr
728 2448 830 2500 deinde
851 2461 913 2497 cum

112 2517 264 2581 commixta
281 2517 325 2566 ris
339 2531 354 2568 s
376 2517 483 2568 reditur
497 2531 547 2584 per
559 2516 654 2569 tontes
668 2521 876 2576 emeterium,
897 2529 915 2563 a

111 2584 182 2636 solis
196 2591 226 2636 et
240 2585 313 2635 airis
332 2531 428 2636 cadone
441 2585 553 2653 cogitur
566 2599 618 2636 con
640 2584 722 2647 clarii
741 2588 777 2633 ut
786 2581 871 2634 etiam
883 2581 912 2632 in

113 2653 187 2702 areis
205 2653 356 2715 salinarum
379 2652 501 2704 videtin,
537 2652 577 2703 ll.
595 2600 665 2703 ΙῐΞιη
688 2656 753 2703 sunt
767 2663 803 2702 ex
818 2663 912 2705 amaro

113 2734 198 2770 succo
209 2725 304 2770 terrae
314 2718 409 2772 tontes
424 2726 559 2772 excuntes
572 2719 751 2771 ’vehementer
765 2716 867 2780 amau,
882 2721 914 2769 ut
