2054 3090
137 199 182 246 12⁰
334 196 387 247 DE
413 197 731 251 ARCHITECTURA

134 297 223 359 ribus,
244 298 340 349 colore
359 300 456 362 lusco,
476 301 568 366 crispo
589 299 704 378 capillo,
726 299 816 351 oculis
835 299 933 366 nigris,

133 364 259 415 cruribus
269 366 408 428 invalidis,
419 368 554 433 sanguine
563 367 750 433 exiguo,solis
759 368 865 432 impetu
874 381 934 432 per·

133 433 271 483 ficiuntur.
307 433 403 501 ltaque
417 434 501 484 etiam
515 440 631 500 propter
640 434 783 500 sanguinis
797 434 934 501 exigiutu

133 508 188 549 tem
202 501 358 551 timidiores
374 508 439 550 sunt
451 499 527 552 ferro
541 501 687 565 resistere3
706 501 757 552 sed
769 501 887 551 ardores
901 515 933 551 ac

134 567 226 617 febres
246 566 383 618 sufferunt
395 568 456 618 sine
469 569 584 630 timore,
595 568 671 634 qnod
687 568 791 619 nutrita
804 572 870 618 sunt
887 582 930 618 eo·

134 650 192 684 rum
212 635 335 684 membra
354 650 414 685 cum
434 634 555 686 fervore.
590 635 687 702 ltaque
706 649 837 701 corpora,
860 649 933 700 quae

134 708 283 750 naseuntur
302 702 352 752 sub
372 705 575 768 septentrione,
596 719 612 752 a
626 702 698 753 febri
713 709 778 753 sunt
790 701 934 753 timidiora

135 775 164 817 et
174 767 328 830 imbecilla,
349 770 492 836 sanguinis
507 775 598 820 autem
613 769 783 823 abundantia
794 767 871 820 ferro
891 783 934 819 re·

134 835 236 884 sistunt
258 837 318 885 sine
332 837 442 887 timore.
477 837 502 888 5.
520 836 582 887 Non
597 838 687 887 minus
701 851 787 888 sonus
806 838 886 888 vocis
905 837 934 885 in

133 903 282 967 generibus
296 904 420 969 gentium
434 903 559 970 dispares
574 912 602 955 et
612 905 703 954 varias
717 901 802 954 habet
815 902 933 970 qualita-

133 976 188 1032 tes3
210 969 274 1019 ideo
290 970 364 1035 quod
376 971 537 1022 terminatio
549 972 665 1022 orientis
676 976 705 1021 et
715 969 871 1021 occidentis
881 970 934 1020 eir·

134 1051 167 1085 ca
183 1043 275 1086 terrae
294 1037 482 1100 librationem,
505 1053 559 1104 qua
572 1038 704 1089 dividitur
720 1053 785 1103 pars
804 1037 935 1103 superior

134 1110 163 1153 et
174 1103 292 1153 inferior
304 1104 411 1167 mundi,
427 1103 529 1155 habere
543 1106 653 1156 videtur
668 1104 797 1155 libratam
811 1103 934 1157 naturali

134 1169 933 1239 modocircuitionem,quametiammatbematieihorison-

135 1246 163 1288 ta
178 1238 281 1290 dicunt.
317 1239 405 1307 lgitur
422 1241 552 1306 quoniam
566 1241 594 1291 id
608 1238 740 1291 habemus
752 1245 860 1290 eertum
875 1238 950 1299 ani-1

133 1307 368 1368 mosustinentes‚
378 1307 494 1368 alabrn,
510 1307 584 1374 quod
598 1307 683 1358 estin
696 1307 812 1374 regione
822 1310 933 1372 septen·

135 1371 262 1434 trionali,
273 1375 348 1423 linea
356 1375 474 1424 traiecta
484 1375 518 1425 ad
528 1375 557 1425 id
568 1374 643 1442 qnod
652 1379 696 1425 ost
705 1388 789 1440 super
803 1371 933 1424 meridia-

135 1453 197 1488 num
208 1453 297 1502 axem,
309 1441 342 1489 ab
355 1455 444 1506 eoque
454 1441 544 1493 altera
553 1441 704 1509 obliquain
717 1438 934 1492 altitudiaamad

135 1512 268 1556 summum
283 1507 436 1570 cardinem,
455 1511 503 1574 qui
516 1515 560 1560 est
572 1516 637 1576 post
654 1509 751 1560 stellas
765 1507 935 1575 septentrio·

135 1587 211 1634 num,
226 1575 286 1625 sine
306 1574 478 1626 dubitatione
497 1578 745 1627 animadvertemus
764 1591 799 1627 ex
810 1590 859 1638 eo,
870 1588 934 1626 esse

136 1638 248 1691 schema
259 1642 364 1708 trigoni
380 1643 494 1706 mundo,
514 1645 556 1695 uti
571 1659 604 1694 or
624 1645 681 1704 ani,
699 1659 780 1710 quam
800 1637 935 1707 σαμβύκην

135 1707 235 1757 Graeci
251 1709 354 1759 dicunt.
390 1709 413 1762 6.
433 1711 529 1777 ltaque
547 1660 623 1778 quob
641 1719 684 1761 est
702 1711 821 1777 spatium
840 1709 934 1776 proxi-

134 1791 207 1826 mum
221 1777 276 1826 imo
289 1777 394 1827 cardini
409 1778 442 1828 ab
453 1781 513 1829 axis
523 1779 598 1828 linea
607 1780 636 1828 in
646 1778 807 1828 meridianis
821 1775 934 1837 linibus,

135 1842 186 1893 sub
201 1857 235 1893 eo
250 1844 313 1895 loco
329 1860 399 1910 quae
414 1851 478 1896 sunt
490 1846 630 1907 nationes,
644 1852 759 1911 propter
767 1844 934 1907 brevitatem

136 1910 290 1963 altitudinis
301 1912 474 1963 admondum
485 1913 605 1963 sonitum
617 1913 694 1964 vocis
704 1911 811 1963 iaciunt
822 1917 934 1962 tenuem

137 1988 165 2028 et
179 1980 380 2042 acutissimum,
395 1981 437 2030 uti
449 1980 478 2030 in
493 1994 598 2046 organo
613 1978 718 2030 chorda
732 1994 803 2045 quae
818 1984 863 2030 est
872 1991 934 2044 pro-

136 2046 210 2095 xima
222 2047 336 2113 angulo:
357 2047 507 2098 secundum
522 2061 582 2097 eam
593 2053 684 2097 autem
695 2047 819 2114 reliquae
830 2045 865 2096 ad
878 2059 923 2095 me

136 2113 209 2162 diam
229 2113 375 2165 Graeciam
393 2115 568 2165 remissiores
588 2115 710 2164 efficiunt
728 2115 755 2164 in
776 2111 935 2164 sationibus

137 2193 268 2229 sonorum
282 2183 455 2233 scansiones:
471 2183 538 2233 item
553 2196 570 2230 a
587 2181 679 2232 medio
693 2182 722 2231 in
737 2181 863 2233 ordinem
878 2192 936 2229 cre-

138 2246 241 2296 scendo
264 2248 300 2298 ad
322 2255 461 2300 extremos
485 2249 689 2315 septentriones
713 2249 764 2299 snb
786 2246 935 2298 altitudine

137 2313 211 2362 coeli
225 2315 367 2365 nationum
378 2316 493 2383 spiritus
502 2316 642 2368 sonitibus
653 2315 829 2383 gravioribus
844 2314 879 2365 ab
888 2328 936 2363 na·

136 2386 199 2430 tura
213 2395 305 2432 rerum
320 2385 516 2450 exprimuntur.
552 2382 595 2433 lta
607 2383 717 2434 ridetur
730 2382 823 2433 mundi
836 2394 934 2432 eonce-

137 2448 196 2515 ptio
206 2454 269 2499 tota
280 2459 394 2516 propter
403 2450 612 2501 inclinationem
625 2450 876 2501 consonantissime
887 2461 937 2514 per

137 2516 207 2565 solis
220 2522 436 2583 temperaturam
450 2519 485 2568 ad
498 2517 669 2569 harmoniam
687 2533 750 2568 esse
771 2517 936 2583 composita.

135 2583 161 2633 ¹1.
190 2582 277 2663 Igitur
297 2600 366 2652 quae
386 2587 515 2636 nationes
535 2592 604 2649 sunt.
616 2585 691 2636 inter
710 2586 770 2636 axis
789 2581 935 2635 meridiani

137 2649 277 2702 cardinem
297 2668 329 2702 ac
348 2653 574 2721 septentrionalis
594 2652 686 2703 medio
706 2652 828 2718 positae,
849 2651 891 2702 uti
908 2650 937 2698 in

137 2716 336 2785 diagrammate
349 2722 470 2784 musico,
484 2721 593 2771 mediae
607 2720 685 2771 vocis
699 2719 802 2771 babent
814 2718 937 2775 sonitum
