2054 3090
108 204 141 257 io
304 209 358 261 DE
385 212 718 265 ARCHITECTURA

111 312 178 360 sitas
189 312 316 378 coegerit
325 313 353 362 in
363 313 446 380 plano
458 320 506 366 aut
514 315 633 381 palustri
642 314 707 364 loco
719 327 754 365 ea
767 313 910 375 constitui,

110 377 295 429 solidationes
314 379 592 448 substructionesque
611 382 651 432 ita
662 386 744 432 erunt
764 380 910 431 faciendae

111 445 341 510 quemadmodum
359 447 394 496 dc
413 447 624 499 fundationibus
641 448 752 499 aedium
770 462 911 499 sacrarum

112 528 139 560 m
158 513 243 562 tertio
263 513 336 563 libro
356 520 400 564 est
418 516 560 582 scriptum.
595 514 711 582 insuper
731 513 912 566 fundamenta

112 579 229 644 lapideis
241 586 269 629 et
279 582 442 631 marmoreis
453 583 542 648 copiis
552 581 733 648 gradationes
743 581 779 631 ab
788 581 912 633 substru-

111 646 203 696 ctione
219 646 281 696 fieri
295 647 406 698 debent.
441 649 467 699 4.
486 649 715 700 Praecinctiones
734 648 769 699 ad
789 647 912 699 altitudi-

110 727 159 761 nes
178 712 349 766 theatrorum
369 730 419 782 pro
434 722 497 767 rata
509 722 588 783 parte
605 715 753 766 faciendae
772 715 911 776 ridentur,
944 772 947 779 ¹

111 795 199 845 noque
218 781 334 832 citiores
353 797 435 848 quam
450 788 553 849 quanta
565 783 783 848 praecinctionis
800 781 912 833 itineris

111 847 148 897 sit
157 848 289 898 latitudo:
309 849 416 899 sienim
428 849 599 900 excelsiores
609 848 728 912 luerint,
736 849 876 928 repellent
885 854 913 897 et

111 914 226 964 elicient
239 929 254 965 e
269 917 413 981 superiore
433 923 511 983 parte
525 930 637 978 vocem,
655 931 707 967 nec
724 922 867 983 patrentur
883 916 911 965 in

111 981 223 1032 sedibus
238 983 364 1044 summis,
379 997 449 1048 quae
464 997 547 1050 supra
559 984 795 1050 praecinctiones,
815 982 911 1034 verbo·

112 1065 170 1098 rum
185 1064 266 1098 casus
286 1056 364 1099 certa
381 1050 587 1116 significatione
606 1050 641 1100 ad
660 1065 742 1101 aures
775 1050 911 1100 ervenire.

113 1116 147 1165 Et
161 1116 196 1166 ad
209 1132 342 1166 summam
355 1118 396 1166 ita
410 1123 454 1167 est
467 1117 689 1184 gubernandum,
703 1117 745 1169 utl
756 1066 837 1168 Yinea
851 1131 912 1167 cum

112 1183 148 1233 ad
157 1184 241 1233 imum
253 1184 367 1250 gradum
378 1191 407 1235 ct
416 1184 452 1234 ad
461 1200 596 1235 summum
601 1183 815 1246 extentaiuerit,
821 1184 913 1234 omnia

112 1251 256 1299 cacumina
269 1251 404 1317 graduum
418 1251 592 1318 angulosque
605 1257 714 1318 sangae
734 1251 776 1302 ita
788 1265 845 1302 vox
857 1265 912 1301 non

112 1317 287 1380 impedietur.
321 1318 346 1368 5.
364 1319 462 1369 Aditus
472 1319 629 1386 complures
640 1324 669 1369 et
679 1319 821 1384 spatiosos
833 1331 913 1383 opor-

111 1389 153 1432 tet
166 1382 328 1448 disponere,
347 1399 399 1434 nec
412 1386 579 1436 coniunctos
597 1387 757 1453 superiores
772 1384 912 1435 inferiori·

111 1448 177 1512 bus,
192 1449 243 1500 sed
256 1465 291 1518 ex
301 1451 429 1510 omnibus
444 1451 516 1503 locis
533 1459 683 1520 perpetuos
697 1459 727 1503 et
739 1453 865 1503 directos
878 1452 913 1502 si-

112 1532 147 1567 ne
161 1518 313 1567 inversuris
326 1517 484 1582 faciendos3
504 1522 546 1571 uti
560 1536 621 1572 cum
630 1520 751 1638 poqulus
764 1519 914 1571 dimittitur

114 1584 147 1634 de
159 1584 334 1650 spectaculis,
344 1599 379 1635 ne
392 1587 598 1653 comprimatur,
610 1588 660 1638 sed
690 1587 772 1638 abeat
782 1601 817 1639 ex
827 1586 914 1638 omni·

112 1652 164 1702 bus
178 1652 249 1703 locis
265 1652 355 1703 exitus
366 1661 511 1720 separatos
522 1656 582 1706 sine
595 1655 786 1723 impeditione.
821 1652 914 1705 Etiam

114 1719 264 1787 diligenter
278 1727 321 1770 est
334 1720 608 1774 animadvertendum
617 1738 652 1774 ne
663 1723 700 1773 sit
709 1722 789 1773 locus
803 1721 914 1782 surdus,

113 1788 164 1838 sed
173 1794 204 1841 ut
213 1788 241 1838 in
253 1802 286 1838 eo
295 1802 350 1840 vox
358 1804 440 1854 quam
448 1790 603 1842 clarissime
613 1789 815 1856 vagaripossit.
850 1788 914 1839 Hoc

113 1871 179 1906 vero
191 1855 253 1906 lieri
263 1856 304 1905 ita
313 1858 430 1922 poterit,
447 1858 471 1908 si
482 1857 562 1909 locus
573 1858 680 1910 electus
690 1857 789 1919 luerit,
800 1855 850 1908 ubi
859 1869 914 1906 non

113 1922 278 1989 impediatur
296 1925 465 1975 resonantia.
500 1924 525 1976 o.
543 1924 607 1977 Vox
625 1930 717 1976 autem
736 1928 781 1975 est
798 1923 915 1989 spiritus

113 1990 200 2041 fluens
216 1997 245 2041 et
258 1991 331 2041 aeris
344 1992 403 2043 ictu
417 1991 560 2043 sensibilis
579 1992 696 2044 auditui.
731 1991 774 2042 Ea
787 1995 915 2041 moretur
936 1997 941 2007 ’

113 2057 279 2108 circulorum
293 2058 536 2111 rotundationibus
550 2059 681 2121 infinitis,
699 2059 742 2109 uti
756 2058 781 2109 si
798 2057 827 2107 in
841 2062 915 2109 stan·

112 2131 166 2174 tem
185 2140 283 2189 aquam
296 2125 389 2191 lapide
399 2127 525 2178 immisso
538 2133 687 2179 nascantur
696 2123 915 2177 innumerabiles

112 2191 245 2239 undarum
262 2193 361 2242 circuli
373 2200 532 2246 crescentes
547 2210 565 2244 a
575 2200 671 2246 centro
682 2207 763 2259 quam
776 2191 915 2243 latissime

113 2263 230 2322 possunt
240 2265 403 2324 evagantes,
419 2262 475 2311 nisi
485 2263 615 2329 angustia
624 2261 681 2313 loci
691 2258 916 2326 interpellaverit

112 2330 160 2374 aut
173 2323 268 2390 aliqua
280 2324 416 2389 offensio,
432 2342 503 2393 quae
518 2329 688 2395 nonpatitur
704 2327 915 2393 designationes

113 2407 207 2442 eorum
226 2393 361 2443 undarum
381 2394 416 2444 ad
435 2396 527 2447 exitus
545 2396 700 2463 pervenire.
735 2394 834 2460 ltaque
853 2407 916 2443 cum

112 2460 326 2525 interpellentur
350 2460 567 2526 offensionibus,
596 2463 701 2529 primae
726 2460 915 2513 redundantes

112 2528 316 2594 insequentium
336 2528 494 2581 disturbant
511 2531 730 2597 designationes.
764 2530 790 2579 l.
809 2527 916 2577 Eadem

111 2597 221 2648 ratione
236 2612 292 2648 vox
306 2596 365 2647 ictu
379 2596 414 2646 ad
428 2597 562 2648 circinum
579 2598 665 2648 efficit
674 2597 823 2648 motiones.
859 2591 916 2646 Sed

110 2666 139 2715 in
159 2678 231 2729 aqua
250 2664 348 2715 circuli
365 2662 498 2730 planitiae
516 2665 546 2715 in
564 2665 741 2716 latitudinem
756 2667 915 2721 moventur;

110 2745 165 2786 vox
184 2730 259 2781 etin
278 2731 456 2784 latitudinem
474 2733 668 2801 progreditur,
693 2737 722 2782 ct
740 2728 915 2781 altitudinem
