2054 3090
264 215 391 268 LIBER
408 216 442 267 X.
471 214 664 268 cam-xm
816 214 866 268 289

61 325 220 370 transversa
235 318 339 370 sucula.
374 318 405 369 ln
419 319 509 384 capite
524 323 616 369 autem
631 318 729 370 dextra
741 332 774 368 ac
786 317 866 369 sinis·

62 394 106 437 tra
114 385 258 437 trochleae
269 385 355 448 duae,
373 400 423 452 per·
434 400 501 452 quas
520 386 684 437 movebatur
694 385 768 453 quod
777 386 867 436 inerat

59 455 89 504 in
104 468 137 504 eo
154 454 244 505 canali
260 453 350 518 capite
364 453 469 504 ferrato
484 453 604 520 tignum,
619 454 670 504 sub
685 467 718 503 eo
735 459 826 503 autem
837 453 865 502 in

60 522 123 587 ipso
138 521 229 571 canali
243 521 344 571 inclusi
357 521 413 572 tori
427 521 562 571 crebriter
576 522 727 572 celeriores
742 527 771 571 et
783 519 865 571 velie·

61 590 213 639 mentiores
234 588 391 639 efficiebant
409 589 468 638 eius
487 595 588 639 motus.
625 589 714 655 Supra
731 589 865 638 autemid

60 657 176 722 tignum,
188 655 262 721 quod
272 655 340 706 inibi
351 662 420 718 erat,
431 670 511 706 arcus
521 656 688 724 tegebantur
698 655 732 706 ad
742 656 864 706 canalem
960 683 962 687 -

61 723 210 785 crebriter,
222 724 261 774 uti
273 725 443 774 sustinerent
452 724 557 774 corium
568 725 691 787 crudum,
702 738 756 790 quo
768 737 801 773 ea
810 739 865 773 ma-

62 789 144 839 china
159 799 219 840 erat
229 791 360 841 involuta.
396 791 421 842 8.
439 790 483 842 De
494 806 593 841 corace
603 790 673 841 nihil
682 792 789 859 putavit
799 791 866 841 scri-

60 856 189 920 bendum,
200 858 274 924 quod
285 859 519 910 animadverteret
528 873 588 908 eam
598 857 752 910 machinam
762 858 864 909 nullam

61 922 163 975 babere
173 925 312 976 virtutem.
348 925 390 975 De
401 941 528 987 ascensu,
539 941 609 993 quae
620 921 753 991 ἐπιβάθρα
763 940 864 991 graece

62 991 174 1053 dicitur,
191 1003 219 1043 et
229 992 263 1043 de
274 993 387 1043 marinis
400 991 664 1056 machinationibus,
679 1007 749 1059 quae
759 1006 808 1058 per
818 1008 863 1041 na-

59 1060 114 1108 vim
130 1059 221 1111 aditus
236 1058 339 1111 habere
353 1074 437 1127 posse
454 1061 579 1126 scripsit,
592 1068 697 1111 tantum
709 1060 863 1126 pollicitum

61 1141 122 1177 esse
137 1125 316 1178 vehementer
325 1127 519 1190 animadverti,
535 1143 624 1195 neque
634 1129 757 1178 rationes
769 1141 862 1177 earum

60 1190 307 1260 eum‘explicuisse.

112 1261 189 1321 Quas
204 1269 268 1312 sunt
281 1263 316 1312 ab
329 1262 420 1312 Diade
436 1262 470 1312 de
484 1260 618 1313 machinis
633 1263 749 1328 scripta,
764 1261 863 1328 quibus

59 1328 116 1378 sint
126 1330 395 1395 comparationibus,
411 1330 541 1395 exposui:
553 1345 624 1380 nunc
634 1329 862 1397 quemadmodum

59 1411 75 1443 a
85 1397 314 1461 praeceptoribus
330 1399 438 1462 accepi,
455 1403 484 1447 et
494 1397 574 1447 utilia
583 1396 651 1448 mihi
661 1398 803 1461 ridentur,
816 1411 862 1448 ex·

58 1477 168 1528 ponam.

345 1532 479 1584 CAPUT
495 1531 578 1584 xlv.

382 1598 460 1657 (vulgo
470 1597 539 1654 XX.)

58 1652 105 1706 De
141 1654 303 1708 testudine
342 1658 389 1708 cd
417 1655 661 1774 conglletts'onem
687 1656 860 1727 fossarum

374 1739 483 1791 paras
510 1739 535 1775 a.

106 1804 244 1866 Testudo,
264 1821 335 1871 quae
359 1805 395 1857 ad
408 1805 617 1874 congestionem
630 1806 768 1857 fossarum
783 1821 859 1872 para-

56 1875 114 1932 tur,
130 1885 216 1937 eaque
232 1872 315 1922 etiam
328 1887 458 1923 accessus
473 1872 508 1923 ad
522 1888 629 1925 murum
643 1872 857 1941 potestbabere,

57 1937 98 1988 sic
118 1939 171 1988 erit
188 1937 325 1991 facienda
360 1939 441 1990 Basis
456 1941 661 2009 compingatur,
677 1957 746 2009 quae
757 1956 857 2008 graece

56 1999 151 2070 ἐσχάρα
164 2005 273 2068 dicitur,
301 2006 425 2070 uadrata‚
434 2005 538 2067 habens
549 2023 758 2076 quoquoversus
769 2010 857 2059 latero

55 2071 166 2137 singula
180 2021 372 2137 peduquXV
386 2083 415 2125 et
427 2078 628 2126 transversaria
642 2083 773 2142 quatuor:
789 2076 857 2126 baec

55 2147 147 2189 autem
162 2141 358 2192 contineantur
372 2142 405 2192 ab
417 2143 512 2193 alteris
523 2143 630 2194 duobus
641 2144 743 2195 crassis
755 2144 853 2196 F.S.lo-

53 2207 91 2257 tis
107 2206 135 2258 S.
170 2205 283 2259 Distent
298 2218 390 2260 autem
402 2213 605 2260 transversaria
617 2212 691 2262 inter
705 2226 735 2262 se
746 2213 856 2262 circiter

53 2274 125 2340 pede
140 2279 169 2324 et
178 2273 210 2336 S,
226 2286 469 2343 supponanturque
478 2278 506 2326 in
518 2278 635 2344 singulis
645 2279 799 2330 intervallis
811 2296 854 2330 eo-

52 2356 114 2392 rum
125 2342 302 2405 arbusculae,
314 2359 384 2410 quae
395 2359 495 2412 graece
507 2341 667 2408 ἁμαξὸηοὸες
678 2345 816 2406 dicuntum
829 2349 854 2396 in

53 2409 154 2476 quibus
170 2418 316 2461 versantur
330 2419 452 2462 rotarum
466 2428 532 2463 axes
547 2412 670 2463 conclusi
680 2413 789 2463 laminis
800 2414 843 2464 fer

50 2477 119 2528 reis:
131 2491 237 2545 eaeque
246 2477 408 2529 arbusculae
419 2481 459 2530 ita
470 2481 525 2531 sint
534 2487 719 2546 temperatae,
730 2491 760 2532 ut
772 2480 853 2532 hube-

50 2553 98 2595 ant
111 2545 238 2596 cardines
254 2552 283 2596 et
295 2545 446 2608 foramina,
463 2562 516 2613 quo
533 2556 627 2599 vectes
642 2549 752 2599 traiecti
762 2564 852 2598 versa-

50 2612 142 2663 tiones
157 2627 251 2663 earum
266 2613 427 2679 expediant,
443 2616 482 2664 uti
493 2622 556 2666 ante
573 2625 601 2666 et
614 2622 679 2681 post
692 2624 721 2666 et
734 2617 768 2667 ad
788 2618 851 2666 dex-

49 2686 121 2730 trum
132 2693 181 2730 seu
187 2681 328 2733 sinistrum
339 2681 411 2732 latus
423 2683 599 2750 siveobliquc
610 2684 643 2733 ad
654 2685 771 2749 angulos
782 2700 851 2750 opus

49 2744 147 2811 fuerit,
168 2747 204 2799 ad
221 2748 251 2800 id
268 2765 319 2817 per
338 2749 499 2802 arbusculas
518 2752 622 2803 versati
640 2754 770 2818 progredi
789 2768 851 2818 pos-
