2054 3090
118 198 169 249 234
315 198 370 249 DE
396 198 721 249 aRcHlTucTuan

120 299 247 358 omnibus
265 301 422 366 expeditum
438 301 492 350 nisi
509 302 556 366 qui
590 301 750 351 eometricis
764 299 919 351 rationibus

118 366 577 433 numerosetmultiplicationesha
597 374 738 419 entnotas.
757 369 784 418 2.
793 366 919 434 Namque

118 434 514 501 tiuntincapitibusforamina,
525 449 575 500 per
583 450 700 500 quorum
712 436 920 501 spatiaconten·

119 503 220 553 duntur
234 503 335 568 capillo
351 502 468 552 maxime
483 501 610 553 muliebri
625 503 670 553 vel
679 517 765 553 nervo
780 501 918 569 funes‚qui

118 570 308 636 magnitudine
322 570 453 635 ponderis
463 569 577 636 lapidis,
592 585 671 636 quern
683 570 767 621 debet
775 585 809 621 ea
818 569 920 621 balista

118 638 242 698 mittere,
257 652 292 687 ex
301 638 410 687 ratione
420 639 567 704 gravitatis
576 637 756 705 proportione
767 646 920 697 sumuntur,

120 704 348 769 quemadmodum
363 705 510 770 catapultis
526 706 560 756 de
574 704 795 771 longitudinibus
805 705 922 772 sagitta·

118 787 186 821 rum.
222 771 317 838 ltaque
331 777 362 822 ut
379 773 461 822 etiam
472 773 519 839 qui
529 773 699 839 geometrice
712 787 769 824 uon
784 771 920 834 noverint,

120 838 239 889 babeant
254 840 424 905 expeditum,
438 854 473 889 ne
486 841 514 889 in
524 839 649 905 periculo
659 839 762 890 bellico
774 840 920 907 cogitatio·

119 906 199 957 nibus
212 906 398 969 detineantur,
410 922 479 972 quae
491 908 551 972 ipse
562 906 691 958 faciendo
702 912 780 958 certa
790 907 918 975 cognovi,

120 989 244 1039 quaeque
258 990 293 1025 ex
307 983 385 1040 parte
397 975 492 1040 accepi
502 990 519 1023 a
528 975 756 1042 praeceptoribus
766 974 859 1037 finita,
876 989 918 1025 ex·

118 1057 230 1108 ponam3
241 1048 270 1091 et
279 1042 377 1107 quibus
388 1043 470 1092 rebus
479 1041 648 1092 Graecorum
659 1043 807 1107 pensiones
818 1042 856 1092 ad
864 1056 919 1093 mo·

119 1108 199 1159 dulos
206 1108 324 1159 babeant
333 1110 478 1171 rationem,
489 1110 593 1160 adeam
605 1115 637 1160 ut
646 1110 728 1171 etiam
739 1110 844 1161 nostris
854 1124 918 1177 pon·

119 1176 230 1226 deribus
241 1177 436 1242 respondeant,
447 1177 553 1227 tradam
564 1176 710 1243 explicata.
729 1176 753 1227 3.
767 1175 839 1228 Nam
850 1190 918 1244 quae

116 1243 218 1293 balista
229 1245 283 1294 duo
297 1244 389 1310 pondo
400 1260 495 1295 saxum
505 1245 615 1295 mittere
627 1244 718 1306 debet,
729 1243 857 1296 foramen
868 1244 920 1295 crit

117 1312 145 1360 in
156 1312 215 1360 eius
227 1312 348 1377 capitulo
360 1312 510 1378 digitorum
520 1311 557 1373 V,
569 1313 593 1362 si
602 1312 695 1378 pondo
707 1317 838 1377 quatuor,
850 1311 918 1378 digi-

116 1385 207 1428 torum
217 1378 267 1439 vl,
279 1387 306 1429 et
316 1380 465 1445 digitorum
476 1379 525 1429 Vll
536 1377 583 1446 ·,·3‚··,
595 1380 690 1430 decern
700 1378 807 1444 pondo,
818 1378 920 1446 digito·

116 1461 176 1494 rum
186 1444 248 1494 Vlll
260 1443 308 1512 ·,·3‚··‚
320 1447 417 1511 viginti
428 1446 533 1511 pondo,
546 1447 697 1512 digitorum
707 1446 733 1496 X
743 1443 792 1513 ·.·:'.··‚
803 1446 919 1513 quadra·

117 1513 195 1577 ginta
209 1514 315 1577 pondo,
331 1512 482 1578 digitorum
496 1514 547 1563 XII
562 1513 589 1566 S.
605 1513 639 1564 K.
655 1514 802 1580 sexaginta
815 1513 918 1580 pondo,

118 1579 268 1645 digitorum
283 1579 347 1627 Xlll
363 1588 391 1630 et
404 1580 485 1647 digiti
495 1588 595 1631 octava
605 1587 682 1647 parte
693 1579 742 1648 0235,
757 1580 920 1647 octuaginta

117 1647 222 1711 pondo,
238 1646 387 1713 digitorum
399 1647 451 1698 XV
463 1645 509 1714 232,
525 1655 633 1700 centum
646 1649 743 1715 viginti
752 1647 860 1714 pondo,
874 1662 919 1713 pe-

117 1715 159 1764 dis
171 1713 210 1764 ts.
222 1721 250 1764 et
260 1715 437 1781 sesquidigiti
445 1712 490 1782 335,
501 1723 610 1766 centum
621 1723 649 1767 et
658 1716 805 1782 sexaginta
813 1714 917 1781 pondo,

116 1782 215 1846 pedum
230 1782 253 1830 ll
266 1779 314 1849 333,
330 1790 439 1832 centum
452 1790 480 1833 et
491 1784 651 1850 octuaginta
660 1783 766 1849 pondo,
780 1780 917 1849 pedumll

116 1856 144 1898 et
158 1847 307 1914 digitorum
325 1850 362 1912 V,
376 1851 495 1901 ducenta
507 1851 615 1916 pondo,
627 1851 726 1918 pedum
739 1849 765 1900 ss
775 1857 804 1901 et
813 1850 916 1919 digito·

115 1932 174 1967 rum
192 1916 240 1978 vl,
257 1917 377 1967 ducenta
390 1917 486 1968 decem
501 1918 607 1985 pondo,
623 1918 722 1985 pedum
736 1917 761 1968 ll
775 1924 803 1969 et
813 1917 915 1986 digito·

115 2000 173 2033 rurn
184 1983 233 2032 Vll
244 1981 291 2050 333,
304 1984 372 2050 CCL
382 1986 488 2051 pondo,
499 1985 567 2036 XlS.
601 1986 626 2036 4.
646 1986 714 2036 Cum
724 2001 791 2053 ergo
802 1984 915 2037 foranu·

115 2052 155 2100 nis
173 2052 333 2118 magnitudo
349 2052 435 2103 fuerit
450 2054 589 2115 instituta,
606 2053 779 2104 describatur
795 2053 913 2117 scutula,

114 2133 183 2185 quae
199 2134 299 2184 graece
317 2123 468 2186 περίτρητος
485 2120 653 2186 appellatur,
671 2121 748 2171 cuius
766 2121 914 2188 longitudo

112 2187 276 2236 foraminum
283 2186 315 2236 ll.
323 2186 389 2237 ΕΖ.
398 2187 515 2237 latitudo
527 2188 581 2238 duo
592 2194 621 2238 et
630 2194 725 2238 sextae
735 2188 834 2253 partis:
846 2188 915 2239 diri·

113 2255 194 2321 datur
203 2255 323 2304 medium
332 2254 423 2304 lineae
434 2255 604 2322 descriptae,
623 2261 721 2306 etcum
732 2254 849 2306 divisum
860 2258 915 2307 erit

113 2320 310 2373 contrahantur
321 2328 460 2372 extremae
470 2331 563 2388 partes
574 2324 633 2372 eius
644 2321 764 2386 formae,
773 2323 803 2373 in
814 2323 914 2441 ‹puibus

112 2397 278 2457 procurrunt
288 2389 430 2439 cacumina
440 2390 616 2456 angulorum,
629 2397 661 2440 ut
670 2389 808 2456 obliquam
840 2389 913 2441 efor-

110 2459 258 2510 mationem
269 2455 369 2508 habeat
378 2457 559 2524 longitudinis
570 2466 649 2508 sexta
658 2464 745 2525 parte,
756 2457 912 2509 latitudinis

109 2526 157 2577 ubi
171 2531 215 2577 est
224 2539 339 2576 versura
349 2533 447 2591 quarta
455 2531 542 2590 parte.
559 2525 601 2575 'ln
613 2541 667 2591 qua
676 2531 753 2592 parte
764 2532 856 2576 autem
866 2535 911 2578 est

111 2600 268 2655 curvatura,
284 2599 312 2643 et
324 2591 461 2642 foramina
471 2599 680 2654 convertantur,
695 2599 724 2643 et
734 2599 911 2643 contractura

109 2660 264 2715 latitudinis
278 2660 393 2710 redeant
407 2661 543 2711 introrsus
558 2666 638 2711 sexta
651 2666 737 2727 parte.
772 2659 910 2711 Foramen

108 2737 204 2783 autem
219 2728 366 2794 oblongius
380 2727 417 2777 sit
429 2733 523 2789 tanto,
543 2733 671 2794 quantam
685 2727 811 2794 epizygis
824 2725 911 2780 babet
