2054 3090
299 208 425 264 LIBER
443 208 480 264 Il.
510 209 594 262 GAP.
612 208 698 262 v111.
871 209 904 260 43

94 311 357 382 pseudisodomum,
371 327 433 363 cum
443 312 564 378 impares
575 317 605 364 et
614 311 776 377 inaequales
791 311 903 362 ordines

95 380 256 433 choriorum
267 378 434 446 diriguntur.
479 379 647 446 Eautraque
658 385 723 430 snnt
736 379 800 428 ideo
816 378 903 440 firma,

95 449 213 517 primum
233 447 309 515 quod
329 447 391 512 ipsa
408 452 553 498 caementa
574 452 638 498 sunt
657 446 748 513 spissa
767 452 796 495 et
812 445 905 496 solida

94 515 282 583 proprietate,
303 529 392 581 neque
410 514 444 565 de
464 514 584 565 materia
599 522 717 581 possunt
733 527 855 580 exugere
872 513 904 562 li-

95 597 224 651 quorem,
239 581 290 633 sed
304 588 470 633 conservant
481 597 543 633 eam
554 583 583 630 in
594 596 645 632 suo
656 580 772 632 humore
783 580 819 630 ed
833 596 905 630 sum-

96 666 167 702 mam
178 655 359 701 vetustatem:
370 650 486 716 ipsaque
498 663 596 700 eorum
607 649 710 700 cubilia
720 649 837 714 primum
847 648 904 714 pla-

96 733 132 769 na
149 722 179 769 et
194 717 296 768 librata
314 717 408 784 posita
422 731 478 766 non
495 716 640 782 patiuntur
653 730 734 767 ruere
750 717 904 776 materiam,

96 784 147 836 sed
164 791 301 850 perpetua
318 785 455 850 parietum
475 783 662 837 crassitudine
679 783 800 850 religata
817 784 905 834 conti·
1000 830 1002 834 ,

98 858 165 902 nent
177 852 212 902 ad
230 866 364 903 summam
383 856 559 902 vetustatem.
594 851 620 901 i.
638 851 734 902 Altera
748 856 804 912 est,
823 864 905 916 quam

98 919 238 984 inniterer
248 917 398 984 appellant,
408 933 463 984 qua
473 919 558 968 etiam
569 918 658 968 nostri
665 918 762 969 rustici
777 923 903 968 utuntur:

97 1000 215 1053 quorum
224 984 333 1036 frontes
340 985 499 1102 poliuntur,
512 985 635 1051 reliqua,
649 985 691 1034 ita
701 985 742 1034 uti
753 988 818 1034 sunt
831 989 904 1046 nata,

97 1069 160 1104 cum
172 1053 291 1104 materia
304 1066 338 1103 co
351 1052 445 1103 locata
459 1050 576 1103 alternis
591 1051 709 1118 alligant
722 1051 904 1116 coagmentis.

99 1119 155 1173 Sed
168 1121 271 1182 nostri,
284 1120 424 1170 celeritati
438 1118 597 1179 studentes,
621 1124 732 1168 erectos
747 1115 849 1167 choros
864 1117 905 1167 lo-

98 1193 195 1239 cantes
209 1185 349 1238 irontibus
362 1186 499 1247 serviunt,
519 1185 590 1236 etin
604 1184 697 1234 medio
712 1182 834 1234 farciunt
851 1182 905 1234 fra-

98 1255 152 1306 ctis
162 1254 313 1321 separatim
324 1269 386 1304 cum
396 1253 514 1303 materia
524 1252 689 1303 caementis:
701 1251 742 1302 ita
750 1256 809 1301 tres
818 1252 904 1302 susci-

98 1327 192 1372 tantur
204 1321 234 1372 in
248 1336 282 1371 ea
292 1327 433 1372 structura
443 1326 567 1382 crustae,
584 1318 655 1370 duae
665 1318 799 1369 frontium
809 1324 837 1369 et
850 1335 906 1369 una

97 1389 190 1440 media
199 1387 332 1440 farturae.
369 1387 547 1439 Graecirero
559 1401 616 1438 non
626 1387 678 1451 ita3
698 1386 748 1437 sed
756 1386 838 1452 plana
849 1387 905 1437 col-

97 1456 238 1518 locantes,
262 1461 291 1506 et
313 1455 504 1536 longitudines
528 1453 677 1507 chororum
702 1454 817 1504 alternis
841 1468 905 1504 coa·

98 1523 219 1640 gerentis
238 1523 268 1574 in
288 1522 502 1574 crassrtudinem
526 1524 712 1583 instruentes,
735 1536 790 1571 non
812 1520 906 1572 media

110 1591 232 1653 arciunt,
251 1589 328 1642 sede
341 1590 400 1641 suis
414 1590 545 1641 frontatis
559 1597 724 1657 perpetuum
739 1595 767 1639 et
779 1588 808 1638 in
822 1603 904 1638 unam

99 1657 313 1709 crassitudinem
327 1657 463 1724 parietem
478 1658 662 1708 consolidant.
699 1655 852 1707 Praeterea
864 1656 907 1713 in-¹

99 1731 250 1792 terponunt
273 1724 400 1792 singulos
422 1732 558 1790 perpetua
581 1724 767 1775 crassitudine
786 1729 904 1788 utraque

98 1799 177 1858 parte
187 1791 337 1854 frontatos,
347 1806 417 1858 quos
428 1787 563 1846 διατόνους
571 1792 720 1859 appellent,
730 1791 775 1856 qui
785 1790 904 1839 marimo

99 1859 245 1927 religando
261 1859 426 1911 confirmant
440 1860 576 1925 parietum
590 1859 771 1910 soliditatem.
807 1857 832 1906 8.
850 1856 904 1906 ltn-

99 1941 152 1994 que
163 1928 186 1978 si
197 1927 259 1993 quis
272 1926 393 1977 voluerit
403 1941 438 1978 ex
452 1925 495 1977 lris
511 1926 718 1978 commentariis
733 1924 904 1974 animadver-

99 2001 159 2046 tere
169 2001 198 2045 et
208 1993 314 2062 eligere
329 2009 416 2060 genus
431 2000 600 2056 structurae,
614 1991 810 2059 perpetuitatis
825 1997 904 2056 pote-

98 2063 137 2113 rit
152 2063 290 2113 rationem
308 2059 421 2113 habere.
456 2061 519 2112 Non
537 2062 610 2111 enim
628 2055 782 2128 quaesunt
797 2073 811 2108 e
825 2058 902 2108 molli

99 2135 244 2180 caemento
260 2129 356 2180 subtili
370 2129 443 2180 facie
457 2131 625 2191 venustatis,
644 2142 694 2178 eae
707 2132 826 2193 possunt
841 2140 903 2175 esse

98 2197 127 2247 in
145 2201 312 2248 vetustatem
332 2211 388 2247 non
407 2197 548 2247 ruinosae.
583 2195 680 2262 ltaque
704 2209 766 2245 cum
789 2193 905 2243 arbitria

99 2264 285 2315 communium
298 2264 435 2331 parietum
450 2269 606 2325 sumuntur,
625 2278 680 2313 non
695 2262 844 2312 aestimant
854 2275 903 2311 eos

98 2331 195 2397 quanti
204 2330 272 2382 iacti
282 2330 399 2393 luerint,
411 2331 461 2382 sed
472 2345 534 2381 cum
546 2345 580 2382 eu
589 2330 693 2381 tabulis
702 2329 847 2379 inveniunt
858 2342 903 2377 eo-

99 2413 160 2449 rum
168 2398 318 2449 locationis
328 2398 428 2465 pretia,
438 2399 654 2464 praeteritorum
664 2411 798 2447 annorum
811 2395 903 2460 singu-

98 2465 190 2517 lorum
200 2465 341 2516 deducunt
352 2466 554 2532 octogesimas,
569 2471 598 2515 et
610 2466 651 2515 ita
665 2479 700 2515 ex
712 2463 822 2529 reliqua
832 2476 903 2511 sum-

97 2548 144 2584 ma
156 2539 264 2600 partem
276 2531 358 2583 reddi
370 2533 469 2583 iubent
481 2547 531 2599 pro
550 2530 592 2582 his
609 2530 777 2597 parietibus,
794 2534 903 2578 senten-

96 2601 221 2667 tiamque
230 2600 420 2666 pronuntiant,
432 2615 481 2651 eos
492 2615 547 2650 non
558 2613 641 2664 posse
651 2598 714 2664 plus
724 2611 805 2662 quam
817 2609 904 2645 annos

98 2667 245 2735 octoginta
257 2667 368 2719 durare.
403 2665 427 2719 9.
446 2666 490 2718 De
504 2665 636 2717 lateritiis
653 2679 733 2727 vero,
754 2663 903 2714 dummodo

96 2734 133 2787 ad
145 2733 375 2804 perpendiculum
389 2735 446 2786 sint
460 2740 579 2798 stantes,
595 2731 666 2784 nihil
680 2731 841 2796 deducitur,
855 2729 905 2781 sed
