2054 3090
107 166 158 220 ris
300 166 356 239 ors
383 167 716 222 sucurrucruus

108 268 265 322 Trochleae
285 277 314 322 et
333 270 451 322 ductarii
469 270 551 322 funes
569 272 610 322 uti
628 285 712 338 supra
721 272 856 339 scriptum
865 277 906 325 est

108 340 301 405 expediuntur.
338 339 363 389 5.
378 338 427 390 Sin
437 345 530 390 autem
540 339 743 391 colossicotera
753 340 906 408 amplitudi-

108 407 188 458 nibus
204 413 233 458 et
263 407 413 458 onderibus
427 422 514 457 onera
526 408 554 457 in
572 407 703 472 operibus
716 405 834 470 tuerint,
854 423 907 459 non

108 475 163 526 erit
177 489 244 525 sucu
275 489 290 524 e
305 474 544 538 committendum3
561 475 611 525 sed
625 475 857 541 quemadmodum
867 492 908 527 su·

109 544 173 594 cula
187 539 323 593 cheloniis
334 542 483 604 retinetur,
498 543 538 592 ita
547 543 607 593 axis
618 542 789 605 includatur,
804 541 908 595 habens

108 610 137 660 in
156 610 248 661 medio
263 615 425 675 tympanum
439 611 570 675 amplum,
591 611 667 676 quod
680 611 807 661 nonnulli
819 617 908 661 rotam

108 676 262 743 appellant,
279 675 380 727 Graeci
394 682 486 726 autem
496 678 509 704 *
520 672 672 743 ἆμφίρευσιν
683 677 731 727 alii
746 673 909 743 περιτρόχιον

110 745 240 796 vocitant.
275 741 300 795 6.
319 743 349 793 ln
369 741 412 793 his
429 750 521 795 autem
539 742 675 795 machinis
693 742 838 796 trochleae
857 760 909 795 non

108 812 208 863 eodem
217 810 268 863 sed
278 811 334 862 alio
344 811 429 861 modo
440 819 641 877 comparantur.
677 811 910 865 Habentenimet

108 880 206 930 inimo
222 885 250 930 et
262 879 292 929 in
306 894 413 929 summo
433 879 558 944 duplices
577 879 688 930 ordines
707 879 907 931 orbiculorum:

108 949 149 998 ita
159 946 233 997 lunis
248 946 389 997 ductarius
407 947 547 998 uaiicitur
561 948 590 997 in
603 945 745 997 inferioris
765 945 909 999 trochleae

108 1014 247 1077 foramen,
270 1013 312 1064 uti
335 1013 463 1131 cowelle
481 1015 535 1065 duo
554 1014 645 1080 capita
661 1014 730 1076 sint,
754 1012 829 1065 funis
850 1029 909 1065 cum

110 1084 164 1134 erit
195 1087 340 1145 extensum
372 1081 466 1147 iique
491 1083 641 1132 seeundum
663 1080 827 1133 inferiorem
853 1089 908 1133 tro-

111 1149 218 1202 chleam
235 1147 371 1200 resticula
390 1149 561 1201 circumdata
579 1156 608 1200 et
627 1155 757 1200 contenta
776 1155 908 1217 utraeque

109 1224 202 1299 partes
216 1215 292 1268 funis
302 1217 489 1277 continentur,
505 1222 536 1268 ut
545 1231 634 1285 neque
646 1217 673 1267 in
684 1216 811 1267 dextram
821 1231 909 1284 neque

109 1302 139 1337 ιιι
152 1286 293 1337 sinistram
305 1290 412 1351 partem
427 1285 535 1350 possint
543 1284 663 1350 prodire.
698 1283 808 1334 Deinde
819 1286 911 1351 capita

108 1352 184 1405 funis
193 1351 353 1418 referuntur
361 1352 391 1402 in
401 1367 507 1403 summa
515 1349 643 1403 trochlea
653 1351 685 1402 ab
697 1353 839 1403 exteriore
850 1367 909 1419 par-

109 1427 152 1483 te,
163 1425 193 1472 et
201 1418 370 1471 deiiciuntur
380 1420 455 1470 circa
465 1419 605 1471 orbiculos
614 1420 697 1482 imos,
709 1426 738 1471 et
746 1419 868 1471 redeunt
877 1419 910 1470 ad

108 1489 193 1540 imum
199 1486 438 1555 coniiciunturque
448 1487 558 1538 infimae
568 1485 711 1539 trochleae
722 1487 757 1538 ud
767 1487 910 1538 orbiculos

109 1570 146 1608 ex
153 1554 289 1607 interiore
299 1559 387 1622 parte,
399 1561 427 1606 et
435 1553 594 1606 referuntur
603 1555 700 1607 dextra
709 1569 742 1606 ac
752 1555 868 1606 sinistra
877 1554 910 1606 ad

109 1628 193 1690 ceput
201 1621 423 1675 circeorbiculos
433 1638 563 1674 sunrmos.
596 1623 621 1674 ἵ.
633 1623 764 1674 Traieeta
772 1630 867 1684 autem
878 1623 910 1672 ab

110 1690 244 1745 exteriori
257 1696 336 1757 parte
349 1688 511 1742 referuntur
524 1692 623 1742 dextra
635 1705 667 1741 ac
681 1690 796 1742 sinistra
805 1697 911 1759 tympa-

109 1775 174 1812 num
184 1759 215 1810 in
229 1772 296 1821 axe,
311 1757 405 1826 ibique
418 1764 450 1810 ut
464 1756 609 1820 haereant,
621 1758 804 1826 colligantur.
840 1760 910 1809 Tum

110 1834 202 1881 autem
217 1827 292 1879 circe
304 1831 463 1894 tympanum
472 1826 613 1877 involutus
624 1827 694 1878 alter
703 1824 778 1877 funis
789 1825 910 1878 refertur

110 1895 145 1946 ed
156 1901 289 1964 ergatam,
301 1900 330 1947 et
338 1893 364 1946 is
374 1894 570 1947 circumactum
579 1899 738 1961 tympanum
745 1900 778 1945 ,et
787 1908 868 1946 axem
880 1908 910 1945 se

109 1962 275 2014 involvendo
290 1960 372 2013 funes
400 1962 430 2013 ui
442 1962 472 2013 in
486 1976 538 2014 axe
550 1961 664 2030 religati
673 1968 751 2025 sunt,
763 1963 870 2030 pariter
880 1976 909 2012 se

111 2030 277 2093 extendunt,
292 2035 321 2082 et
333 2029 375 2080 ita
382 1978 489 2081 ‘leniter
501 2029 595 2081 lerant
609 2044 694 2081 onera
703 2030 764 2081 siue
774 2029 908 2097 periculo.

111 2098 193 2160 Quod
207 2098 233 2148 si
246 2098 335 2148 maius
349 2102 509 2164 tympanum
524 2098 691 2149 collocatum
708 2098 798 2149 autin
815 2096 909 2148 medio

110 2167 193 2217 autin
202 2180 257 2216 una
265 2171 344 2232 parte
355 2172 480 2217 extrema
488 2163 616 2217 habuerit
623 2165 683 2216 sine
696 2171 793 2232 ergata
803 2164 909 2216 calcar·

109 2241 152 2285 tes
166 2231 305 2295 homines,
324 2232 512 2300 expeditiores
526 2230 629 2284 babere
643 2234 749 2300 poterit
763 2233 856 2299 operis
871 2230 909 2283 ef·

109 2301 209 2353 fectus.
245 2300 270 2352 8.
288 2299 340 2352 Est
349 2306 442 2353 autem
451 2300 527 2352 aliud
536 2316 624 2369 genus
633 2299 778 2352 machinae
787 2301 857 2352 satis
868 2315 909 2351 er·

108 2369 258 2421 tiliciosum
272 2374 301 2419 et
319 2367 355 2418 ad
371 2384 452 2420 usum
469 2368 620 2420 celeritatis
636 2368 806 2436 expeditum,
821 2367 910 2420 sedin

110 2453 143 2490 eo
164 2436 230 2488 dare
250 2450 363 2504 operam
379 2451 434 2487 non
448 2442 565 2504 possunt
578 2435 633 2487 nisi
646 2437 737 2504 periti.
772 2435 823 2487 Est
837 2436 910 2487 euim

109 2508 229 2574 tignum,
243 2504 318 2570 quod
332 2503 449 2584 erigitur
457 2510 486 2555 et
495 2504 663 2556 distenditur
672 2503 834 2556 retinaculis
845 2518 909 2573 qua-

110 2572 266 2635 drifariam3
275 2572 325 2623 sub
333 2572 494 2624 retinaculis
504 2569 633 2623 chelonia
643 2573 697 2623 duo
709 2572 842 2640 figuntur3
853 2581 910 2625 tro-

110 2642 190 2694 chlea
203 2637 314 2691 funibus
329 2655 412 2707 supra
422 2638 551 2692 chelonia
559 2640 707 2708 religatum
722 2639 772 2690 sub
783 2638 912 2693 trochlea

111 2709 208 2778 regula
227 2709 312 2775 longa
327 2709 439 2762 circiter
451 2708 538 2777 pedes
553 2708 638 2774 duos,
657 2709 715 2760 lata
727 2708 833 2775 digitos
851 2723 911 2771 sex,
