2054 3090
313 149 438 220 maan
454 162 538 220 vrri.
567 166 650 219 cnr.
668 156 724 220 ιιι
868 156 915 218 ιιι

113 274 158 321 est
167 283 255 336 genus
271 283 373 339 aquae,
388 282 471 386 «paam
486 269 534 338 qui
546 269 646 320 bibant
660 269 816 321 efficiuntur
828 269 915 337 turgi-

112 337 157 388 dis
173 335 340 404 gutturibus.
376 337 391 387 2
411 374 418 386 .
437 336 467 388 ln
477 337 596 388 Arcadia
609 351 676 388 vero
692 337 790 387 civitas
805 342 916 388 estnon

111 407 211 474 ignota
222 404 335 466 Clitari,
350 403 379 454 in
393 404 473 454 euius
488 405 564 472 agris
575 410 619 456 est
629 403 762 470 spelunea
775 402 916 470 profluens

112 486 215 540 aquae,
235 487 316 539 quarn
330 472 378 539 qui
394 470 517 523 biberint
531 471 601 525 flunt
618 471 756 522 abstemii.
791 470 832 521 Ad
850 486 913 522 eurn

111 546 206 590 autern
219 537 327 591 iontem
340 539 511 607 epigramma
530 539 619 590 estin
638 538 730 606 iapida
749 539 912 604 inscriptum

110 607 164 658 hae
184 607 324 658 sententia
344 605 471 658 versibus
485 607 610 675 graecis,
631 621 692 657 eam
705 621 761 656 non
775 619 839 657 esse
853 606 912 656 ido-

109 689 192 725 neam
202 673 237 725 ad
247 673 458 736 lavandum,sed
469 675 554 724 etiam
564 673 703 724 inimicam
713 672 827 736 ritibus,
839 673 912 740 quod

110 742 184 809 apud
195 756 257 791 eum
269 740 376 794 fontem
386 740 541 822 Melampus
552 741 698 793 sacrifieiis
712 749 861 810 purgasset
869 756 912 791 ra·

108 811 184 860 hiem
196 808 294 859 Proeti
304 809 423 860 tiliarum
432 809 658 877 restituissetque
669 823 764 860 earum
773 809 910 876 virginum

109 882 218 927 mentes
234 877 263 926 in
276 877 420 942 pristinam
435 877 592 928 sanitatem.
628 877 806 944 Epigramma
819 882 910 926 autern

110 951 155 996 est
164 944 194 994 id
204 943 279 1026 puod
290 950 333 994 est
342 943 539 1010 subscriptum:

139 1007 250 1078 Ἀμροτα
261 1007 306 1060 σόν
316 1014 436 1077 ποίμναις
445 1008 476 1061 τό
485 1005 665 1079 μισημβρινόν
673 1007 705 1074 ἤν
716 1025 742 1058 σε
754 1005 854 1077 βαρύνῃ

195 1077 273 1144 δίψος
284 1075 321 1126 ἄν’
334 1076 453 1141 ἐσχατιὰς
462 1079 607 1147 Κλείτορος
617 1073 764 1145 ἐρχόμενον,

142 1147 189 1210 τῆς
196 1147 244 1210 μὲν
253 1142 303 1195 nimi
313 1142 406 1213 κρήνης
413 1143 508 1216 ἀρόσαι
519 1140 598 1212 πόμα,
609 1147 652 1194 ναὶ
660 1141 729 1212 παρὰ
741 1139 864 1210 Νύμφαις
908 1157 910 1163 ·

189 1208 301 1296 Ἡριίανι
312 1215 407 1278 στῆσον
416 1217 467 1264 πᾶν
477 1209 507 1262 τό
519 1210 564 1262 σόν
574 1210 702 1263 αίπόλιον·

142 1277 207 1330 ἀλλὰ
218 1298 248 1331 ου
256 1275 318 1362 μήτ’
329 1282 368 1330 ἐπὶ
379 1277 476 1349 λουτρὰ
486 1277 568 1350 βάλῃς
573 1277 649 1349 χρόα,
659 1278 695 1347 μή
708 1295 735 1330 σε
745 1279 788 1330 καὶ
796 1277 862 1346 αὔρη

191 1365 295 1417 πημηνῃ
305 1350 408 1418 θερμῆς
418 1345 490 1404 ἐντός
499 1345 574 1398 ἰόντα
583 1349 680 1415 μέθης

143 1418 217 1483 φεῦγε
229 1399 254 1467 δ’
268 1416 333 1483 ίμήν
343 1414 427 1498 πηχήν
435 1413 605 1484 μιαόμπιλον,
616 1418 684 1466 ἔνθα
694 1410 853 1483 Μελάμπους

192 1481 351 1551 λουσόμενος
359 1484 453 1550 λυσσης
462 1485 607 1568 Προιτίδας
616 1481 770 1553 ἀργαλέης,
887 1497 889 1501 ’

143 1569 226 1602 aaran
237 1549 379 1620 καθαρμόν
390 1555 481 1617 ἔκοψεν
491 1546 703 1620 antwerpam&
711 1549 747 1600 (ἲν
756 1545 798 1602 ἄπ’
806 1549 910 1618 Ἄργους

195 1618 273 1688 οὔρεα
283 1622 402 1688 τρηχείης
411 1618 511 1685 ἤλυθεν
516 1618 660 1690 Ἀρκαδίης.

108 1707 149 1755 22.
161 1704 279 1756 itemest
288 1706 316 1755 in
325 1705 494 1757 insulachio
502 1704 598 1768 ionae
610 1703 910 1773 quoquiimprudentes

108 1772 245 1833 biberint,
260 1773 329 1823 fiunt
342 1773 519 1841 insipientes,
535 1779 564 1822 et
576 1770 616 1823 ibi
630 1777 674 1822 est
688 1772 858 1840 epigramma
871 1771 910 1821 in·

109 1838 246 1916 sculptum
271 1853 305 1889 ea
328 1840 478 1891 sententia:
508 1839 655 1891 iucundam
681 1852 744 1889 esse
767 1837 909 1906 potionem

108 1905 196 1957 fontis
211 1905 285 1968 eius,
299 1906 352 1957 sed
365 1907 413 1975 qui
426 1906 542 1970 biberit,
559 1920 662 1957 saxeos
677 1904 835 1959 habiturum
849 1918 906 1954 sen-

108 1988 165 2022 sus.
202 1971 273 2024 Sunt
283 1978 479 2026 autamrersus
487 1971 529 2025 irie

138 2036 228 2088 Ἡδεῖα
238 2041 341 2105 ψυχροῦ
350 2035 467 2104 πόματος
477 2037 557 2106 λιβός,
567 2034 598 2102 ἦν
607 2034 693 2102 ἇνίηοι

193 2103 267 2170 πηγὴ,
278 2103 343 2155 ἀλλά
353 2100 402 2167 νόῳ
413 2109 505 2173 πέτρος
515 2105 529 2156 ὁ
540 2105 617 2169 τῆσδε
626 2103 699 2156 πιών.

107 2174 149 2226 23.
169 2173 248 2226 Susis
267 2179 373 2238 autem,
387 2174 416 2224 in
430 2190 485 2243 qua
498 2173 611 2226 civitate
627 2181 671 2226 est
683 2188 798 2255 regnum
809 2175 904 2226 Persa-

106 2259 181 2305 rum,
201 2241 354 2294 fonticulus
373 2247 432 2305 est,
452 2257 488 2294 ex
507 2257 561 2311 quo
581 2242 628 2310 qui
640 2242 762 2294 biberint
780 2243 907 2295 amittunt

108 2311 215 2362 dentes.
252 2309 321 2360 item
335 2309 364 2360 in
380 2324 413 2361 ao
429 2316 474 2361 est
486 2310 618 2377 seriptum
634 2311 813 2381 epigramma,
833 2311 906 2378 qnod

107 2377 250 2445 signifieat
259 2375 331 2428 banc
342 2378 522 2429 sententiam:
536 2377 678 2446 egregiam
689 2393 751 2430 esse
763 2394 860 2449 aquarn
872 2378 905 2427 ad

106 2445 267 2508 lavandum,
281 2444 332 2496 sed
342 2459 415 2508 eam,
426 2445 452 2495 si
459 2444 584 2509 bibatur,
598 2453 730 2498 excutere
740 2461 755 2498 e
765 2446 905 2497 radicibus

107 2513 217 2565 dentes:
238 2519 267 2565 et
279 2510 361 2566 buius
376 2512 592 2583 epigrammatos
606 2520 672 2565 sunt
683 2528 780 2566 versus
791 2527 904 2583 graece:

133 2579 234 2630 'Tiasa
243 2576 386 2648 κρανόεντα
393 2580 501 2647 βλέπεις,
511 2581 573 2637 ξένε,
583 2583 635 2629 τῶν
644 2577 694 2633 ἀπό
701 2581 775 2647 χερσλ

189 2646 285 2765 λουτρὰ
297 2649 345 2714 μὲν
355 2643 509 2716 ἀνθρώποις
519 2643 623 2767 ἂόίλορθῆ
633 2650 702 2698 ἐστιν
711 2650 783 2712 ἔχειν·

543 2732 571 2772 09

137 2714 168 2781 ἢν
178 2714 206 2765 δὲ
216 2711 253 2778 βό
269 2733 299 2786 μς
308 2717 397 2782 κοίλης
403 2717 466 2768 ποτὶ
476 2714 525 2781 νηί

598 2712 766 2786 χλαὰνόόυρ,

158 2780 262 2837 Viae.
668 2784 700 2838 M
