2054 3090
109 164 144 215 ²4
311 166 366 217 DE
392 166 712 219 ARCHITECTURA

110 266 277 332 pteutrionis
289 265 436 318 habebitur
447 275 561 319 octavae
573 269 660 335 partis
672 269 839 335 designatio.
862 269 914 320 lle·

109 335 203 400 liquae
217 340 311 399 partes
327 335 426 384 dextra
441 349 473 385 ac
483 337 597 386 sinistra
606 343 663 386 tres
675 335 806 402 aequales
822 336 914 387 distri-

111 401 306 452 huendaesunt
313 402 406 452 intota
412 403 654 462 rotundationem
662 401 792 469 aequales
801 403 915 453 divisio·

111 483 160 519 nes
176 475 240 519 ooto
254 474 400 519 ventorum
414 469 577 536 designatae
592 471 648 520 sint
665 470 693 519 in
712 469 914 536 descriptione:

111 544 169 586 tum
183 549 233 601 pcr
248 535 379 603 angulos,
393 537 466 586 inter
480 535 548 587 duas
563 543 707 587 ventorum
721 537 864 603 regiones,
887 543 915 587 et

110 602 265 669 platearum
276 609 305 653 et
311 603 520 669 angiportorum
526 604 653 654 videntur
662 603 764 654 debere
773 603 859 670 dirigi
870 604 915 654 de·

111 670 288 734 scriptiones.
303 670 326 720 8.
338 669 391 720 His
402 670 635 721 enimrationibus
641 676 670 720 et
679 685 714 720 ea
724 670 862 721 divisione
868 685 914 722 ex-

112 737 190 787 clusa
201 737 255 787 crit
265 751 301 788 ex
310 735 530 789 habitationibus
541 744 570 788 et
579 739 648 788 vicis
659 744 804 788 ventorum
810 739 852 788 vis
857 753 915 788 mo-

112 805 191 855 lesta.
211 804 279 854 Cum
289 804 476 870 enimplateae
489 811 588 855 contra
595 805 718 856 directos
728 811 916 856 ventoserunt

112 870 311 934 conformatae,
322 887 358 923 ex
368 878 464 938 aperto
475 871 549 923 coeli
559 873 649 938 spatio
660 873 779 938 impetus
790 886 823 922 ae
832 870 915 927 flatus

111 938 255 1006 frequens,
268 938 416 990 conclusus
426 939 456 989 in
465 938 592 991 faucibus
603 940 668 1007 angi
689 944 823 1002 ortorum,
833 937 914 990 rehe-

111 1007 294 1058 mentioribus
305 1006 410 1057 viribus
420 1006 625 1072 pervagabitur.
662 954 738 1067 guas
750 1013 785 1056 ob
794 1020 841 1056 res
850 1021 914 1056 con·

112 1075 261 1126 vertendae
275 1081 340 1125 sunt
354 1074 387 1124 ab
401 1073 563 1141 regionibus
581 1079 726 1124 ventorum
745 1073 915 1124 directiones

113 1143 247 1204 vicorum,
262 1143 304 1192 uti
314 1141 493 1192 advenientes
504 1140 539 1191 ad
550 1141 667 1208 angulos
677 1140 830 1191 insularum
840 1139 914 1191 iran-

111 1216 220 1276 gantur‚
232 1209 392 1276 repulsique
402 1209 579 1274 dissipentur.
598 1207 622 1259 9.
634 1208 767 1258 Fortasse
776 1207 914 1258 mirabun-

111 1283 157 1328 tur
169 1277 199 1338 ii,
214 1276 261 1342 qui
270 1276 358 1326 multa
366 1281 513 1326 ventorum
522 1276 634 1325 nomina
648 1280 796 1337 noverunt,
812 1275 888 1343 quod
899 1289 916 1324 a

111 1343 191 1395 nobis
203 1343 325 1409 expositi
335 1349 400 1394 sunt
408 1348 515 1393 tantum
526 1349 590 1393 octo
602 1356 664 1392 esse
674 1343 759 1393 venti.
780 1341 811 1394 si
821 1347 914 1394 autem

111 1411 368 1472 animadverterint,
384 1409 460 1460 orbis
473 1416 565 1460 terrae
580 1410 772 1460 circuitionem
785 1424 835 1479 per
845 1410 915 1461 solis

111 1492 222 1529 cursum
236 1484 265 1528 et
278 1478 425 1545 gnomonis
439 1477 653 1544 aequinoctialis
668 1476 779 1527 umbras
790 1491 826 1527 ex
835 1476 915 1527 incli-

111 1547 224 1596 natione
244 1544 318 1596 coeli
336 1545 370 1596 ab
388 1543 575 1596 Eratosthene
594 1545 740 1610 Cyrenaeo
758 1543 915 1594 rationibus

110 1612 312 1664 mathematicis
323 1619 352 1664 et
361 1613 540 1680 geometricis
550 1610 690 1663 methodis
702 1625 764 1662 esse
774 1612 915 1662 inventam

111 1681 292 1732 ducentorum
310 1680 511 1746 quinquaginta
522 1679 606 1730 duum
619 1679 736 1730 millium
750 1678 914 1741 stadiorum,

110 1764 181 1815 quae
193 1750 263 1799 fiunt
275 1763 374 1814 passus
388 1747 539 1798 trecenties
554 1747 717 1814 quindecies
727 1752 845 1797 centena
854 1746 915 1797 mil·

109 1818 158 1867 lia:
178 1815 258 1868 huius
270 1821 361 1866 autem
372 1821 471 1866 octava
479 1829 556 1881 pars,
569 1829 650 1880 quarn
659 1820 758 1864 ventus
769 1819 864 1864 tenere
876 1814 914 1863 vi·

109 1885 202 1946 detur,
223 1889 267 1935 est
281 1884 378 1934 tricies
393 1882 559 1949 nongenties
574 1882 692 1949 triginta
705 1887 811 1947 septem
824 1881 915 1931 millia

110 1959 138 2003 et
150 1968 249 2018 passus
264 1951 420 2018 quingenti:
439 1964 495 2000 non
509 1948 649 2000 debebunt
658 1948 766 2010 mirari,
781 1948 805 1998 si
814 1948 844 1998 in
857 1954 915 1998 tam

110 2035 209 2085 magno
221 2020 311 2085 spatio
322 2035 392 2069 unus
403 2023 498 2069 ventus
509 2015 916 2084 vegand0,inclinationibuset

110 2087 315 2137 recessionibus
329 2086 480 2136 varietates
494 2085 647 2135 mutatione
659 2082 740 2135 flatus
749 2081 844 2133 iaciat.
873 2084 913 2134 lli.

110 2155 204 2220 ltaque
216 2154 314 2205 dextra
324 2159 352 2203 et
362 2153 476 2204 sinistra
484 2151 799 2205 AustrumLeuconotus
808 2149 914 2202 ethlta·

110 2239 159 2272 nus
172 2220 239 2270 flare
250 2221 335 2282 solet,
350 2219 485 2281 Africum,
500 2219 657 2269 Libonotus
669 2225 697 2269 et
711 2217 913 2283 Subvesperus,

109 2285 913 2354 ciranavoniumArgestesetcertistemporibusEtesiae=

108 2357 143 2407 ad
154 2355 330 2406 lateraCauri
336 2355 443 2406 Circius
455 2355 592 2405 etcorus:
603 2354 679 2405 circa
687 2353 914 2419 Septentrionem

108 2422 257 2474 Thraecias
272 2429 300 2473 et
314 2421 450 2473 Gallicus:
470 2421 569 2473 dextra
582 2437 614 2472 ac
625 2422 740 2472 sinistra
748 2420 913 2486 Aquilonem

109 2492 247 2558 supernas
262 2498 291 2540 et
304 2489 423 2540 Boreas:
443 2491 518 2540 circa
531 2488 663 2540 Solanum
678 2487 783 2538 Garbas
795 2493 824 2538 et
834 2493 913 2539 certo

107 2567 232 2624 tempore
244 2555 401 2608 Ornithiae:
416 2557 483 2607 Euri
495 2571 560 2606 vero
572 2556 678 2606 medias
689 2561 783 2622 partes
789 2554 914 2606 tenentis

108 2628 134 2677 in
146 2626 277 2677 extremis
288 2625 466 2674 Eurocircias
481 2630 509 2674 et
520 2621 681 2675 Vulturnus.
701 2622 772 2673 Sunt
781 2628 876 2673 autem
886 2628 916 2674 et

9 2704 31 2726 ¹
104 2696 161 2744 alia
174 2694 258 2760 plura
269 2694 382 2744 nomina
392 2691 529 2758 flatusque
540 2697 686 2744 ventorum
696 2706 712 2739 a
721 2690 793 2740 locis
803 2693 852 2740 aut
864 2687 916 2743 flu·
