2054 3090
113 223 159 270 102
315 217 371 270 Die
393 219 725 274 ARCHITECTURA

111 323 245 374 dientium
261 320 464 372 delectationes
480 320 592 373 facilius
607 321 728 373 valuerit
740 319 913 375 theatrorum

111 393 221 441 efficere
235 387 433 455 perfectiones.
469 389 495 441 i.
513 389 597 440 Dicet
610 389 712 456 aliquis
721 387 812 453 forte,
826 391 914 442 muita

112 457 222 509 theatra
230 457 334 507 Romae
346 456 495 522 quotannis
505 455 582 508 facta
592 471 664 520 esse,
674 471 765 523 neque
774 456 860 509 ullam
870 473 914 510 ra-

107 525 217 577 tionem
236 523 334 574 harum
348 538 440 573 rerum
455 523 484 573 in
499 522 543 574 his
559 522 658 591 fuisse,
693 523 751 578 Sed
765 526 872 577 erravit
885 526 914 576 iu

112 610 159 656 eo,
177 591 252 658 quod
267 591 361 641 omnia
373 590 590 658 publicalignea
599 589 712 643 theatra
724 591 914 644 tabulationes

110 660 214 711 habent
232 658 403 725 complures,
424 673 492 724 quas
512 673 628 710 necesse
644 665 689 710 est
705 673 815 711 sonare.
849 659 915 711 Hoc

110 743 176 779 vero
196 726 265 776 licet
283 725 504 776 animadvertere
524 726 609 776 etiam
627 741 645 776 a
657 724 847 790 citharoedis,
867 728 915 794 qui

111 795 256 860 superiore
271 799 340 844 tono
354 808 417 843 cum
429 792 528 843 volunt
541 807 651 856 cauere,
671 793 819 848 advertunt
832 807 864 845 se
879 793 915 844 ad

111 875 212 913 scenae
222 860 331 922 valvas,
343 866 373 911 et
381 861 423 910 ita
431 860 571 925 recipiunt
581 860 614 910 ab
627 875 722 918 esrum
731 859 839 913 auxilio
849 876 914 912 con-

111 929 269 980 sonantiam
282 928 368 978 vocis.
406 927 475 977 Cum
485 933 578 978 autem
588 942 623 978 ex
632 928 732 978 solidis
742 928 827 979 rebus
836 926 926 985 thes,

109 1004 154 1048 tro
168 996 387 1056 constituuntur,
403 993 433 1044 id
448 1000 492 1045 est
502 998 687 1046 exstructuro
697 1001 914 1059 caementorum,

110 1063 216 1130 lapide,
230 1076 381 1124 marmore,
396 1075 467 1128 quae
480 1075 581 1112 sonare
590 1077 647 1113 non
656 1067 788 1128 possunt,
802 1068 870 1114 tunc
879 1076 914 1114 ex

110 1131 154 1182 his
165 1130 218 1182 hac
227 1131 337 1180 ratione
348 1128 594 1195 suntexplicanda.
629 1129 653 1180 8.
673 1127 723 1182 Sin
732 1134 914 1196 cutemque·-

96 1200 195 1261 ·ritur,
209 1199 239 1248 in
253 1212 307 1263 quo
321 1196 432 1248 theatro
447 1210 481 1246 ea
490 1196 548 1247 siut
559 1195 647 1259 iacto,
662 1196 768 1248 Romae
779 1211 836 1247 non
847 1211 914 1314 fos-

111 1282 172 1317 sum
182 1265 343 1327 ostendere3
355 1263 444 1315 sedin
454 1263 555 1314 ltaliae
568 1262 733 1331 regionibus
747 1269 777 1316 et
788 1263 818 1315 in
828 1278 845 1330 p
857 1264 914 1315 uri·

110 1334 162 1384 bus
177 1331 348 1383 Graecorum
363 1330 537 1381 civitatibus:
557 1332 641 1382 etiam
660 1344 695 1382 ue
709 1337 853 1383 auctorem
867 1328 914 1382 hs·

110 1401 207 1451 bemus
221 1397 254 1448 L.
269 1397 445 1459 Mummium,
462 1398 510 1463 qui
525 1397 617 1449 diruto
631 1345 743 1450 tzeatro
754 1396 914 1450 corinthio·

111 1483 172 1517 rum
186 1467 247 1516 eius
263 1477 351 1514 aenes
364 1464 480 1514 Romam
494 1464 664 1532 deportarit,
685 1471 714 1517 et
727 1464 763 1517 de
775 1465 913 1518 manubiis

111 1534 147 1585 ad
162 1532 260 1582 aedem
276 1529 373 1581 Lunae
393 1531 542 1583 dedicavit.
577 1533 662 1584 Multi
679 1537 774 1584 autem
793 1532 913 1585 solertes

112 1597 272 1660 architecti,
288 1597 375 1664 quiin
386 1598 496 1665 oppidis
508 1615 564 1650 uon
571 1601 679 1668 magnis
689 1597 802 1652 theatra
810 1600 914 1652 consti·

110 1666 236 1728 tuerunt,
250 1671 366 1732 propter
380 1665 504 1732 inopiam
518 1667 652 1732 fictilibus
668 1667 752 1719 doliis
763 1668 804 1718 ita
814 1681 914 1720 sonan·

87 1778 90 1784 .
109 1736 184 1788 tibus
195 1733 308 1796 electis,
323 1731 375 1783 hac
383 1733 600 1785 ratiocinatione
611 1734 775 1802 compositis
788 1733 913 1803 perfece-

109 1809 175 1854 runt
183 1801 349 1854 utilissimos
360 1799 486 1853 effectus.

408 1872 619 1981 dirorum.
717 1890 720 1897 '

178 1985 227 2039 De
244 1984 512 2056 conformatione
534 1985 664 2039 theatri
672 1985 846 2067 facienda.

162 2072 251 2140 ipsius
271 2077 363 2122 autem
376 2069 481 2122 theatri
495 2068 682 2123 conformatio
696 2072 738 2124 sic
751 2078 797 2124 est
808 2070 912 2124 facien·

112 2140 155 2201 da,
169 2140 299 2203 utiquam
311 2153 411 2205 magna
420 2137 515 2188 futura
525 2144 570 2189 est
597 2139 744 2191 erimetros
754 2139 912 2203 imi,centro

111 2207 203 2256 medio
210 2204 351 2255 collocato
363 2205 567 2273 circumagatur
575 2155 652 2256 finea
660 2207 913 2270 rotundationis,in

112 2287 199 2339 eaque
206 2271 604 2390 quatuorscribanturtrizolpa
613 2273 728 2341 paribus
737 2273 874 2326 lateribus
885 2279 914 2324 et

111 2339 219 2391 interra
231 2338 280 2400 lis,
296 2352 366 2405 quae
378 2345 530 2393 extremam
552 2341 558 2352 '
581 2355 642 2391 eam
652 2341 913 2405 circinationistan·

111 2415 190 2474 gant:
210 2405 309 2474 quibus
325 2405 407 2456 etiam
421 2406 450 2456 in
461 2406 608 2459 duodecim
621 2407 767 2488 signorum
781 2407 913 2460 coelesti·

110 2489 157 2525 um
179 2473 367 2540 descriptione
386 2473 524 2541 astrologi
541 2489 577 2526 ex
592 2490 700 2527 musica
718 2475 914 2527 convenientia

110 2548 250 2594 astrorum
262 2541 474 2592 ratiocinantur.
510 2540 552 2592 Ex
562 2539 607 2592 his
617 2542 739 2610 trigonis
750 2543 829 2594 cuius
839 2541 913 2594 latus

109 2608 197 2663 fuerit
211 2610 367 2680 proximum
386 2623 486 2660 scenae
505 2623 539 2659 ea
554 2624 584 2660 re
607 2611 684 2672 'oue,
704 2607 759 2677 qua
776 2609 915 2679 praecidit

110 2687 285 2730 curvaturam
300 2676 505 2739 circinationis,
525 2677 565 2727 ibi
600 2677 693 2728 niatur
708 2691 810 2728 scenae
823 2675 913 2738 dous,

105 2751 139 2796 et
148 2747 185 2797 ab
199 2761 235 2798 eo
248 2747 316 2796 loco
329 2759 383 2814 per
392 2749 517 2796 centrum
527 2743 680 2813 parallelos
694 2744 769 2795 lineo
780 2743 914 2805 ducatur,
