2054 3090
112 201 158 253 lot
310 196 365 250 DE
390 198 711 255 ARCHITECTURA
766 157 768 161 ·

110 318 191 370 quam
201 301 365 365 exteriores,
372 303 422 352 sed
432 303 581 355 autlonico
593 309 640 354 aut
650 299 798 356 Corinthio
806 317 910 373 genere

110 369 309 421 deformentur.
345 369 368 419 3.
389 366 584 422 Columnarum
601 377 693 423 autem
711 372 909 440 proportiones

111 445 139 487 et
153 437 330 503 symmetriae
345 451 401 486 non
416 444 497 488 erunt
509 439 610 489 iisdem
626 439 795 502 rationibus,
810 439 910 506 quibus

84 542 87 546 ,
113 507 138 554 in
159 504 274 554 aedibus
292 504 379 554 sacris
398 505 506 570 scripsi.
541 505 630 555 Aliam
649 507 770 557 enimin
794 505 923 556 deorum.

112 572 221 637 templis
236 571 338 621 debent
352 567 455 621 habere
469 571 648 639 gravitatem,
664 573 782 623 aliamin
796 573 910 639 portici-

111 640 161 688 bus
173 645 201 689 et
211 638 312 688 ceteris
324 638 455 703 operibus
466 638 656 690 subtilitatem.
691 641 788 707 ltaque
798 635 911 690 sinoni-

112 707 138 754 ci
154 706 264 771 generis
281 711 363 755 erunt
379 706 539 769 columnae,
554 707 734 757 dimetiantur
744 720 839 758 earum
849 705 911 756 alti-

88 782 95 798 ·
111 772 220 822 tudines
233 786 295 822 cum
306 772 435 838 capitulis
445 773 474 823 in
483 779 576 839 partes
588 773 759 841 quindecim,
775 779 805 834 et
818 787 855 825 ex
869 773 910 823 eis

112 839 235 904 partibus
248 853 303 889 una
318 840 546 890 constituaturet
559 841 608 891 flat
620 839 761 904 modulus;
781 839 817 891 ad
831 841 910 891 culus

112 906 215 956 moduli
229 907 365 957 rationem
380 907 468 956 omnis
484 908 576 972 operis
593 909 647 958 erit
660 908 824 974 explicati03
843 907 909 957 etin

111 975 165 1023 imo
181 974 325 1024 columnae
343 974 498 1023 crassitudo
518 975 567 1024 liat
586 975 702 1025 duorum
720 974 908 1025 modulorum:

111 1041 351 1090 intercolumnium
370 1041 489 1107 quinque
509 1047 539 1091 et
554 1042 662 1092 moduli
680 1040 795 1092 dimidia
817 1048 908 1158 garta:

112 1107 230 1158 altitudo
245 1107 389 1158 columnae
402 1112 514 1172 praeter
532 1108 682 1174 capitulum
697 1113 816 1174 quatuor
837 1108 908 1158 euim

113 1175 301 1227 modulorum:
316 1174 432 1241 capituli
443 1174 560 1226 altitudo
571 1175 677 1226 moduli
687 1176 777 1237 unius,
788 1174 907 1225 latitudo

102 1241 287 1292 modulorum
298 1241 415 1301 duorum
426 1248 454 1292 et
463 1242 570 1293 moduli
580 1249 676 1294 sextae
686 1242 786 1308 partis=
808 1306 811 1311 ν
823 1243 908 1292 ceteri

113 1309 205 1373 operis
218 1309 437 1372 modulationes,
456 1310 499 1360 uti
512 1310 541 1360 in
557 1309 672 1360 aedibus
687 1309 775 1360 sacris
791 1309 822 1359 in
836 1308 908 1359 libro

111 1380 210 1490 puarto
226 1375 359 1440 scriptum
374 1382 430 1438 est,
443 1377 678 1443 itaperiiciantur.
713 1377 739 1427 4.
758 1375 807 1427 sin
818 1382 910 1426 autem

125 1456 141 1491 o

144 1441 223 1491 nicae
233 1440 378 1492 columnae
389 1443 468 1506 fient,
485 1459 584 1510 scapus
594 1450 707 1510 praeter
715 1442 817 1510 spiram
828 1450 857 1493 et
867 1456 916 1492 eas·

112 1508 228 1625 Ritulum
241 1509 271 1558 in
286 1515 350 1559 octo
364 1516 459 1576 partes
470 1517 499 1562 et
509 1511 653 1562 dimidiam
670 1510 821 1572 dividatur,
837 1514 910 1560 etex

130 1576 154 1626 is
164 1590 219 1626 una
229 1575 408 1629 crassitudini
418 1578 563 1630 columnae
574 1580 666 1629 detur:
684 1578 760 1645 spira
769 1592 830 1628 cum
841 1577 910 1643 plin·

111 1641 160 1693 tho
171 1642 287 1693 dimidia
297 1645 480 1696 crassitudine
492 1646 691 1697 constituatur:
712 1643 828 1710 capituli
836 1644 910 1694 ratio

109 1711 150 1761 ita
160 1711 217 1774 ilat,
226 1712 267 1761 uti
276 1712 305 1761 in
318 1713 402 1763 tertio
414 1712 486 1763 libro
498 1719 542 1765 est
555 1713 780 1777 demonstratum.
817 1711 848 1763 Si
859 1710 910 1760 Co-

110 1777 214 1829 rinthia
225 1779 292 1841 erit,
303 1794 402 1846 scapus
414 1786 442 1830 et
452 1780 538 1846 spira,
549 1781 591 1831 uti
600 1782 628 1831 in
640 1780 748 1842 ionica,
759 1777 910 1844 capitulum

111 1853 217 1909 autem,
233 1846 462 1915 quemadmodum
475 1848 505 1898 in
515 1855 614 1915 quarto
625 1847 696 1898 libro
708 1851 752 1898 est
766 1845 909 1915 scripturn,

109 1914 149 1963 ita
158 1913 419 1965 habeatratlonem:
436 1914 640 1982 stylobatisque
651 1912 786 1976 adlectio,
798 1925 869 1978 quae
879 1912 911 1960 lit

52 2024 57 2033 .
110 1994 160 2046 per
169 1981 311 2033 scamillos
328 1983 461 2048 impares,
476 1996 512 2034 ex
522 1981 725 2048 descriptione,
741 1993 812 2046 quae
827 1991 911 2045 supra

111 2048 215 2114 scripta
223 2054 268 2099 est
276 2049 306 2098 in
316 2048 387 2099 libro
398 2049 499 2111 tertio,
510 2055 646 2100 sumatur:
666 2047 813 2114 epistylia,
830 2060 909 2096 coro-

110 2129 176 2176 nae,
192 2121 341 2181 ceteraque
357 2117 449 2166 omnia
466 2115 500 2166 ad
516 2114 706 2167 columnarum
720 2114 858 2164 rationem
874 2125 910 2162 ex

110 2182 222 2246 scriptis
233 2181 402 2233 voluminum
413 2184 587 2250 superiorum
598 2181 781 2249 explicentur.
816 2179 841 2230 5.
851 2179 909 2229 Me·
946 2180 949 2185 “

110 2248 158 2297 dia
169 2261 236 2297 rero
251 2249 354 2313 spatia,
371 2264 441 2316 quae
456 2257 537 2301 erunt
550 2250 673 2301 subdivo
683 2249 757 2299 inter
793 2246 909 2306 articus,
929 2307 932 2312 ι

52 2335 53 2339 ¹
110 2313 564 2379 adornandariridibusvidentur,
597 2316 653 2367 uod
668 2261 839 2382 hypaetbrae
855 2327 910 2363 arn-

110 2380 267 2432 bulationes
278 2379 381 2433 habent
391 2398 436 2434 ma
456 2399 518 2434 nam
529 2384 589 2436 salu
610 2384 733 2444 ritatem,
749 2386 778 2431 et
791 2381 910 2446 primunr

110 2448 267 2511 oculorum,
290 2450 363 2516 quod
379 2465 413 2502 ex
427 2451 562 2502 viridibus
577 2450 687 2501 subtilis
702 2455 730 2499 et
744 2453 910 2500 extenuatus

109 2518 157 2565 ae'r
176 2522 290 2583 propter
308 2518 460 2568 motionem
484 2519 611 2584 corporis
634 2515 755 2567 induens
780 2514 910 2581 perlimat

108 2582 243 2649 speciem,
260 2584 338 2634 etita
347 2580 475 2636 auferens
487 2600 523 2637 ex
533 2585 622 2635 oculis
633 2582 775 2634 humorem
787 2595 909 2632 crassum

108 2650 198 2701 aciem
207 2656 319 2701 tenuem
330 2657 358 2702 et
368 2658 475 2702 acutam
486 2653 608 2719 speciem
617 2651 759 2717 relinquit.
783 2646 913 2698 Praeter·
933 2659 940 2672 ·

108 2731 143 2770 ea
168 2731 231 2769 eum
241 2731 342 2784 corpus
354 2719 525 2772 motionibus
535 2721 563 2771 in
574 2718 763 2770 ambulatione
779 2716 910 2777 calescat,
