2054 3090
297 181 427 236 LlBuR
446 182 533 237 Vlll.
562 185 643 237 GAP.
661 184 717 238 111.
860 184 909 237 179

106 286 149 340 vis
162 298 328 355 percurrens
342 286 432 338 tincta
443 287 571 353 pervenit
584 287 619 338 ad
631 286 751 340 fontium
766 301 907 356 egressus,

107 361 136 407 et
145 355 186 406 ita
193 369 228 407 ex
238 369 272 405 eo
283 353 409 420 dispares
418 355 545 423 variique
556 355 737 424 perficiuntur
745 356 775 406 in
786 356 907 422 propriis

107 422 257 492 generibus
270 421 364 473 fontes
378 427 493 490 propter
505 423 633 474 locorum
652 422 866 490 discrepantiam
880 430 909 474 ct

106 492 252 558 regionum
275 489 425 556 qualitates
446 495 638 559 terrarumque
667 490 818 541 dissimiles
845 505 909 556 pro-

108 559 250 626 prietates.
285 558 327 609 21.
345 556 388 608 Ex
407 555 449 608 his
469 565 561 610 autem
580 559 663 610 rebus
683 567 748 610 sunt
765 558 908 622 nonnulla,

107 640 178 694 quae
194 639 247 692 ego
263 640 314 691 per
326 639 370 676 me
386 626 530 693 perspexi3
550 631 645 678 cetera
657 627 687 676 in
701 625 780 677 libris
792 625 908 677 Graecis

107 694 213 760 scripta
223 693 330 755 inveni,
346 707 463 759 quorum
473 694 640 760 scriptorum
649 692 679 744 hi
688 702 753 748 sunt
766 699 907 746 auctores:

106 758 327 828 Theophrastus,
340 760 485 824 Timaeus,
497 760 679 824 Posidonius,
692 761 841 829 Hegesias,
851 762 908 812 He-

107 829 237 890 rodotus,
251 827 401 891 Aristides,
415 828 611 892 Metrodorus,
623 830 671 897 qui
680 844 782 898 magna
791 828 908 896 vigilan-

106 897 148 948 tia
167 901 196 948 et
212 895 321 948 infinito
340 895 433 947 studio
454 896 580 948 locorum
598 897 798 964 proprietates,
816 897 909 964 regio-

107 978 226 1031 numque
238 963 388 1033 qualitates
404 961 459 1032 [at]
475 979 608 1033 aquarum
621 965 738 1016 virtutes
749 964 783 1015 ab
794 963 908 1016 inclina·

107 1033 184 1084 tione
203 1031 277 1083 coeli
294 1032 335 1083 ita
354 1031 517 1084 distributas
537 1047 600 1084 esse
619 1033 675 1083 scri
693 1033 730 1084 tis
751 1031 909 1084 declarave-

107 1105 179 1152 runt.
216 1099 339 1162 Quorum
354 1106 467 1151 secutus
479 1101 624 1168 ingressus
639 1047 736 1151 inhoo
754 1099 827 1150 libro
847 1114 908 1166 per-

108 1167 210 1234 scripsi
242 1182 295 1218 uae
305 1167 374 1218 satis
385 1181 448 1218 esse
461 1168 556 1234 putavi
567 1168 601 1218 de
612 1182 701 1235 aquae
711 1167 907 1232 varietatibus;

108 1251 162 1304 quo
174 1183 286 1286 facilius
297 1249 333 1286 ex
342 1231 386 1285 his
396 1235 646 1302 perscriptionibus
661 1235 769 1303 eligant
781 1233 908 1286 homines

108 1318 196 1370 aquae
211 1302 318 1365 fontes,
338 1301 437 1369 quibus
451 1303 487 1354 ad
499 1319 579 1356 usum
593 1303 727 1355 salientes
764 1303 855 1354 ossint
873 1302 910 1354 ad

108 1372 236 1423 civitates
250 1370 455 1437 municipiaque
474 1370 637 1438 perducere.
673 1371 714 1422 28.
758 1371 817 1422 ulla
836 1371 909 1422 enim

108 1454 143 1490 ex
153 1439 280 1490 omnibus
291 1437 375 1489 rebus
385 1442 477 1490 tantas
490 1438 602 1491 ridetur
611 1437 715 1491 habere
726 1438 761 1490 ad
771 1455 851 1491 usum
862 1454 909 1491 ne·

108 1507 256 1558 cessitates
272 1511 388 1574 quantas
403 1521 487 1575 aqua3
508 1507 573 1560 ideo
588 1507 796 1576 quodomnium
806 1508 909 1557 anima·

107 1575 175 1626 lium
185 1581 284 1626 natura
293 1574 318 1625 si
327 1573 459 1626 frumenti
468 1575 560 1627 fructu
569 1575 768 1643 privatafuerit
776 1575 909 1626 arbustis·

107 1658 141 1692 ve
161 1649 208 1694 aut
221 1656 304 1693 carne
318 1647 367 1693 aut
379 1642 489 1708 piscatu
503 1650 552 1695 aut
569 1645 655 1695 etiam
671 1643 796 1711 qualibet
812 1657 847 1694 ex
866 1640 909 1692 his

106 1710 203 1772 rebus,
220 1709 336 1777 reliquis
351 1723 478 1761 escarum
487 1712 590 1764 utendo
605 1713 711 1778 poterit
723 1711 797 1762 tueri
811 1711 908 1772 vitam3

107 1779 168 1828 sine
189 1792 261 1844 aqua
277 1791 345 1827 vero
355 1793 407 1829 nec
421 1792 522 1845 corpus
538 1779 698 1829 animalium
717 1792 769 1829 nec
783 1776 841 1827 ulla
854 1777 910 1826 cibi

106 1845 194 1894 virtus
204 1849 300 1909 potest
308 1844 386 1895 nasci
395 1859 447 1896 nec
460 1846 535 1897 tueri
549 1861 601 1897 nec
611 1847 712 1912 parari.
749 1844 841 1905 Quare
853 1859 909 1895 ma-

108 1927 163 1977 gna
173 1910 319 1977 diligentia
327 1909 519 1980 industriaque
531 1913 683 1981 quaerendi
694 1917 796 1964 suntet
806 1911 909 1979 eligen-

109 1978 138 2027 di
148 1977 240 2029 fontes
251 1977 286 2028 ad
296 1976 431 2030 humanae
442 1981 516 2031 vitae
526 1980 727 2032 salubritatem.

405 2079 539 2133 cnPuT
565 2079 607 2133 lv

447 2147 525 2205 (wlff)
535 2149 576 2205 v·)

269 2217 316 2272 De
337 2237 495 2290 equarum
513 2220 749 2291 experimentis.

159 2319 343 2386 Expertiones
354 2327 446 2372 autem
458 2326 486 2373 et
495 2321 676 2388 probationes
689 2335 785 2373 eorum
796 2320 837 2371 sic
848 2327 912 2371 sunt

107 2387 306 2456 providendae.
342 2387 372 2441 Si
386 2394 467 2440 erunt
485 2388 656 2456 profluentes
677 2395 706 2440 et
725 2388 815 2454 aperti
835 2394 911 2438 ante-

108 2472 189 2524 quam
201 2455 263 2507 duci
274 2455 451 2522 incipiantur,
461 2457 644 2524 aspiciantur,
656 2457 804 2574 animoque
816 2456 911 2507 adver·

107 2530 202 2576 tantur
212 2538 267 2591 qua
276 2524 463 2575 membratura
472 2526 529 2577 sint
542 2526 590 2593 qui
599 2526 675 2575 circa
688 2538 738 2575 eos
768 2529 848 2574 ontes
864 2521 910 2573 ha·

106 2589 348 2643 bitanthomines:
369 2598 410 2654 et,
431 2593 456 2643 si
470 2600 551 2645 erunt
562 2592 728 2660 corporibus
743 2590 910 2652 valentibus,

110 2659 252 2711 coloribus
266 2660 376 2722 nitidis,
398 2660 525 2713 cruribus
539 2676 595 2712 non
609 2659 735 2723 vitiosis,
755 2675 810 2710 non
827 2658 910 2726 lippis

108 2727 213 2794 aculis,
232 2734 314 2781 eruut
325 2722 533 2796 probatissimi'
559 2729 629 2782 item
644 2729 669 2780 si
679 2727 742 2779 lons
755 2743 843 2778 novus
853 2726 911 2778 fue·
1001 2750 1004 2757 ·

650 2796 708 2848 Ma
