<?xml version="1.0" encoding="UTF-8"?>
<!DOCTYPE html PUBLIC "-//W3C//DTD XHTML 1.0 Transitional//EN"
    "http://www.w3.org/TR/xhtml1/DTD/xhtml1-transitional.dtd">
<html xmlns="http://www.w3.org/1999/xhtml" xml:lang="en" lang="en">
 <head>
  <title>
</title>
<meta http-equiv="Content-Type" content="text/html;charset=utf-8" />
  <meta name='ocr-system' content='tesseract 3.04.00' />
  <meta name='ocr-capabilities' content='ocr_page ocr_carea ocr_par ocr_line ocrx_word'/>
</head>
<body>
  <div class='ocr_page' id='page_1' title='image "./dearchitectural00pollgoog_0055.png"; bbox 0 0 2054 3090; ppageno 0'>
   <div class='ocr_carea' id='block_1_1' title="bbox 113 214 717 266">
    <p class='ocr_par' dir='ltr' id='par_1_1' title="bbox 113 214 717 266">
     <span class='ocr_line' id='line_1_1' title="bbox 113 214 717 266; baseline 0.007 -5"><span class='ocrx_word' id='word_1_1' title='bbox 113 215 146 262; x_wconf 78' lang='grc'>50</span> <span class='ocrx_word' id='word_1_2' title='bbox 311 214 366 265; x_wconf 82' lang='lat' dir='ltr'>DE</span> <span class='ocrx_word' id='word_1_3' title='bbox 392 214 717 266; x_wconf 78' lang='lat' dir='ltr'><strong>ARCHITECTURA</strong></span> 
     </span>
    </p>
   </div>
   <div class='ocr_carea' id='block_1_2' title="bbox 108 313 919 2517">
    <p class='ocr_par' dir='ltr' id='par_1_2' title="bbox 111 313 917 563">
     <span class='ocr_line' id='line_1_2' title="bbox 112 313 917 382; baseline 0.001 -19"><span class='ocrx_word' id='word_1_4' title='bbox 112 329 185 364; x_wconf 88' lang='lat' dir='ltr'>mum</span> <span class='ocrx_word' id='word_1_5' title='bbox 196 320 225 366; x_wconf 86' lang='lat' dir='ltr'>et</span> <span class='ocrx_word' id='word_1_6' title='bbox 234 316 307 382; x_wconf 85' lang='lat' dir='ltr'>ignis</span> <span class='ocrx_word' id='word_1_7' title='bbox 319 316 517 381; x_wconf 88' lang='lat' dir='ltr'>minimumque</span> <span class='ocrx_word' id='word_1_8' title='bbox 528 313 651 366; x_wconf 89' lang='lat' dir='ltr'>humoris</span> <span class='ocrx_word' id='word_1_9' title='bbox 664 321 693 366; x_wconf 84' lang='lat' dir='ltr'>et</span> <span class='ocrx_word' id='word_1_10' title='bbox 702 314 820 376; x_wconf 86' lang='lat' dir='ltr'>terreni,</span> <span class='ocrx_word' id='word_1_11' title='bbox 832 313 917 364; x_wconf 84' lang='lat' dir='ltr'>levio·</span> 
     </span>
     <span class='ocr_line' id='line_1_3' title="bbox 112 381 917 448; baseline -0.001 -17"><span class='ocrx_word' id='word_1_12' title='bbox 112 381 188 432; x_wconf 89' lang='lat' dir='ltr'>ribus</span> <span class='ocrx_word' id='word_1_13' title='bbox 204 396 297 432; x_wconf 88' lang='lat' dir='ltr'>rerum</span> <span class='ocrx_word' id='word_1_14' title='bbox 312 389 411 432; x_wconf 93' lang='lat' dir='ltr'>natura</span> <span class='ocrx_word' id='word_1_15' title='bbox 425 382 612 448; x_wconf 74' lang='lat' dir='ltr'><strong>potestatibus</strong></span> <span class='ocrx_word' id='word_1_16' title='bbox 630 388 791 447; x_wconf 88' lang='lat' dir='ltr'>comparata</span> <span class='ocrx_word' id='word_1_17' title='bbox 803 396 859 431; x_wconf 92' lang='lat' dir='ltr'>non</span> <span class='ocrx_word' id='word_1_18' title='bbox 874 386 917 431; x_wconf 88' lang='lat' dir='ltr'>est</span> 
     </span>
     <span class='ocr_line' id='line_1_4' title="bbox 111 447 915 563; baseline -0.001 -66"><span class='ocrx_word' id='word_1_19' title='bbox 111 448 278 563; x_wconf 79' lang='lat' dir='ltr'>ponderosa.</span> <span class='ocrx_word' id='word_1_20' title='bbox 311 447 407 514; x_wconf 89' lang='lat' dir='ltr'>ltaque</span> <span class='ocrx_word' id='word_1_21' title='bbox 417 450 512 515; x_wconf 84' lang='lat' dir='ltr'>rigore</span> <span class='ocrx_word' id='word_1_22' title='bbox 522 448 643 499; x_wconf 88' lang='lat' dir='ltr'>naturali</span> <span class='ocrx_word' id='word_1_23' title='bbox 651 455 783 499; x_wconf 93' lang='lat' dir='ltr'>contenta</span> <span class='ocrx_word' id='word_1_24' title='bbox 792 463 848 497; x_wconf 91' lang='lat' dir='ltr'>non</span> <span class='ocrx_word' id='word_1_25' title='bbox 859 447 915 497; x_wconf 92' lang='lat' dir='ltr'>cito</span> 
     </span>
    </p>

    <p class='ocr_par' dir='ltr' id='par_1_3' title="bbox 108 515 919 2517">
     <span class='ocr_line' id='line_1_5' title="bbox 131 515 916 581; baseline -0.004 -16"><span class='ocrx_word' id='word_1_26' title='bbox 131 516 233 566; x_wconf 85' lang='lat' dir='ltr'>ectitur</span> <span class='ocrx_word' id='word_1_27' title='bbox 245 515 279 565; x_wconf 90' lang='lat' dir='ltr'>ab</span> <span class='ocrx_word' id='word_1_28' title='bbox 291 530 389 577; x_wconf 90' lang='lat' dir='ltr'>onere,</span> <span class='ocrx_word' id='word_1_29' title='bbox 402 516 452 566; x_wconf 89' lang='lat' dir='ltr'>sed</span> <span class='ocrx_word' id='word_1_30' title='bbox 464 516 571 567; x_wconf 88' lang='lat' dir='ltr'>directa</span> <span class='ocrx_word' id='word_1_31' title='bbox 580 522 724 581; x_wconf 88' lang='lat' dir='ltr'>permanet</span> <span class='ocrx_word' id='word_1_32' title='bbox 734 517 763 565; x_wconf 89' lang='lat' dir='ltr'>in</span> <span class='ocrx_word' id='word_1_33' title='bbox 774 515 916 580; x_wconf 85' lang='lat' dir='ltr'>contigna-</span> 
     </span>
     <span class='ocr_line' id='line_1_6' title="bbox 111 580 915 649; baseline -0.001 -19"><span class='ocrx_word' id='word_1_34' title='bbox 111 582 202 644; x_wconf 74' lang='lat' dir='ltr'>tione,</span> <span class='ocrx_word' id='word_1_35' title='bbox 221 582 272 633; x_wconf 87' lang='lat' dir='ltr'>sed</span> <span class='ocrx_word' id='word_1_36' title='bbox 282 597 316 632; x_wconf 91' lang='lat' dir='ltr'>ea</span> <span class='ocrx_word' id='word_1_37' title='bbox 326 583 400 649; x_wconf 93' lang='lat' dir='ltr'>quod</span> <span class='ocrx_word' id='word_1_38' title='bbox 411 580 496 633; x_wconf 90' lang='lat' dir='ltr'>habet</span> <span class='ocrx_word' id='word_1_39' title='bbox 505 584 533 633; x_wconf 93' lang='lat' dir='ltr'>in</span> <span class='ocrx_word' id='word_1_40' title='bbox 543 597 574 633; x_wconf 83' lang='lat' dir='ltr'>se</span> <span class='ocrx_word' id='word_1_41' title='bbox 584 583 646 648; x_wconf 86' lang='lat' dir='ltr'>plus</span> <span class='ocrx_word' id='word_1_42' title='bbox 655 582 771 643; x_wconf 87' lang='lat' dir='ltr'>caloris,</span> <span class='ocrx_word' id='word_1_43' title='bbox 786 588 915 646; x_wconf 76' lang='lat' dir='ltr'>procreat</span> 
     </span>
     <span class='ocr_line' id='line_1_7' title="bbox 111 646 915 716; baseline -0.001 -19"><span class='ocrx_word' id='word_1_44' title='bbox 111 655 139 698; x_wconf 92' lang='lat' dir='ltr'>et</span> <span class='ocrx_word' id='word_1_45' title='bbox 154 648 205 698; x_wconf 90' lang='lat' dir='ltr'>alit</span> <span class='ocrx_word' id='word_1_46' title='bbox 221 651 374 711; x_wconf 78' lang='lat' dir='ltr'>termitem,</span> <span class='ocrx_word' id='word_1_47' title='bbox 390 649 423 698; x_wconf 92' lang='lat' dir='ltr'>ab</span> <span class='ocrx_word' id='word_1_48' title='bbox 440 664 529 716; x_wconf 92' lang='lat' dir='ltr'>eoque</span> <span class='ocrx_word' id='word_1_49' title='bbox 543 649 671 699; x_wconf 86' lang='lat' dir='ltr'>vitiatur:</span> <span class='ocrx_word' id='word_1_50' title='bbox 696 650 835 715; x_wconf 89' lang='lat' dir='ltr'>etiamque</span> <span class='ocrx_word' id='word_1_51' title='bbox 850 646 915 696; x_wconf 92' lang='lat' dir='ltr'>ideo</span> 
     </span>
     <span class='ocr_line' id='line_1_8' title="bbox 111 714 915 782; baseline -0.001 -19"><span class='ocrx_word' id='word_1_52' title='bbox 111 714 241 765; x_wconf 78' lang='lat' dir='ltr'>celeriter</span> <span class='ocrx_word' id='word_1_53' title='bbox 256 716 432 777; x_wconf 83' lang='lat' dir='ltr'>accenditur,</span> <span class='ocrx_word' id='word_1_54' title='bbox 449 716 524 782; x_wconf 92' lang='lat' dir='ltr'>quod</span> <span class='ocrx_word' id='word_1_55' title='bbox 539 731 610 782; x_wconf 85' lang='lat' dir='ltr'>quae</span> <span class='ocrx_word' id='word_1_56' title='bbox 625 716 700 766; x_wconf 84' lang='lat' dir='ltr'>inest</span> <span class='ocrx_word' id='word_1_57' title='bbox 707 717 736 765; x_wconf 93' lang='lat' dir='ltr'>in</span> <span class='ocrx_word' id='word_1_58' title='bbox 747 730 781 765; x_wconf 94' lang='lat' dir='ltr'>eo</span> <span class='ocrx_word' id='word_1_59' title='bbox 797 727 915 779; x_wconf 91' lang='lat' dir='ltr'>corpore</span> 
     </span>
     <span class='ocr_line' id='line_1_9' title="bbox 109 780 916 849; baseline 0 -20"><span class='ocrx_word' id='word_1_60' title='bbox 109 782 209 832; x_wconf 86' lang='lat' dir='ltr'>raritas</span> <span class='ocrx_word' id='word_1_61' title='bbox 220 783 293 832; x_wconf 83' lang='lat' dir='ltr'>aeris</span> <span class='ocrx_word' id='word_1_62' title='bbox 303 790 401 849; x_wconf 92' lang='lat' dir='ltr'>patens</span> <span class='ocrx_word' id='word_1_63' title='bbox 412 784 514 848; x_wconf 88' lang='lat' dir='ltr'>accipit</span> <span class='ocrx_word' id='word_1_64' title='bbox 522 784 625 849; x_wconf 84' lang='lat' dir='ltr'>ignem,</span> <span class='ocrx_word' id='word_1_65' title='bbox 636 789 665 832; x_wconf 94' lang='lat' dir='ltr'>et</span> <span class='ocrx_word' id='word_1_66' title='bbox 676 783 716 833; x_wconf 89' lang='lat' dir='ltr'>ita</span> <span class='ocrx_word' id='word_1_67' title='bbox 725 780 916 833; x_wconf 87' lang='lat' dir='ltr'>vehementem</span> 
     </span>
     <span class='ocr_line' id='line_1_10' title="bbox 109 848 916 914; baseline -0.002 -16"><span class='ocrx_word' id='word_1_68' title='bbox 109 849 273 899; x_wconf 87' lang='lat' dir='ltr'>exsemittit</span> <span class='ocrx_word' id='word_1_69' title='bbox 283 848 429 900; x_wconf 81' lang='lat' dir='ltr'>flammant.</span> <span class='ocrx_word' id='word_1_70' title='bbox 463 851 489 900; x_wconf 74' lang='grc' dir='ltr'>ἵ.</span> <span class='ocrx_word' id='word_1_71' title='bbox 507 850 548 900; x_wconf 80' lang='lat' dir='ltr'>Ex</span> <span class='ocrx_word' id='word_1_72' title='bbox 557 864 591 898; x_wconf 87' lang='lat' dir='ltr'>ea</span> <span class='ocrx_word' id='word_1_73' title='bbox 601 856 704 911; x_wconf 88' lang='lat' dir='ltr'>autern,</span> <span class='ocrx_word' id='word_1_74' title='bbox 716 859 862 914; x_wconf 88' lang='lat' dir='ltr'>antequam</span> <span class='ocrx_word' id='word_1_75' title='bbox 874 855 916 897; x_wconf 89' lang='lat' dir='ltr'>est</span> 
     </span>
     <span class='ocr_line' id='line_1_11' title="bbox 110 916 914 982; baseline -0.002 -17"><span class='ocrx_word' id='word_1_76' title='bbox 110 916 213 978; x_wconf 83' lang='lat' dir='ltr'>excisa,</span> <span class='ocrx_word' id='word_1_77' title='bbox 225 930 295 981; x_wconf 91' lang='lat' dir='ltr'>quae</span> <span class='ocrx_word' id='word_1_78' title='bbox 305 931 369 982; x_wconf 90' lang='lat' dir='ltr'>pars</span> <span class='ocrx_word' id='word_1_79' title='bbox 381 923 425 966; x_wconf 87' lang='lat' dir='ltr'>est</span> <span class='ocrx_word' id='word_1_80' title='bbox 434 917 561 982; x_wconf 83' lang='lat' dir='ltr'>proxima</span> <span class='ocrx_word' id='word_1_81' title='bbox 571 923 677 978; x_wconf 83' lang='lat' dir='ltr'>terrae,</span> <span class='ocrx_word' id='word_1_82' title='bbox 687 931 742 982; x_wconf 90' lang='lat' dir='ltr'>per</span> <span class='ocrx_word' id='word_1_83' title='bbox 752 916 861 965; x_wconf 85' lang='lat' dir='ltr'>radices</span> <span class='ocrx_word' id='word_1_84' title='bbox 872 928 914 963; x_wconf 91' lang='lat' dir='ltr'>re-</span> 
     </span>
     <span class='ocr_line' id='line_1_12' title="bbox 110 981 915 1048; baseline -0.002 -17"><span class='ocrx_word' id='word_1_85' title='bbox 110 983 216 1047; x_wconf 90' lang='lat' dir='ltr'>cipiens</span> <span class='ocrx_word' id='word_1_86' title='bbox 235 997 270 1033; x_wconf 85' lang='lat' dir='ltr'>ex</span> <span class='ocrx_word' id='word_1_87' title='bbox 284 985 464 1048; x_wconf 82' lang='lat' dir='ltr'>proximitate</span> <span class='ocrx_word' id='word_1_88' title='bbox 485 981 629 1033; x_wconf 87' lang='lat' dir='ltr'>humorem</span> <span class='ocrx_word' id='word_1_89' title='bbox 650 983 748 1032; x_wconf 81' lang='lat' dir='ltr'>enodis</span> <span class='ocrx_word' id='word_1_90' title='bbox 764 988 793 1032; x_wconf 92' lang='lat' dir='ltr'>et</span> <span class='ocrx_word' id='word_1_91' title='bbox 808 981 915 1048; x_wconf 90' lang='lat' dir='ltr'>liquida</span> 
     </span>
     <span class='ocr_line' id='line_1_13' title="bbox 111 1047 914 1116; baseline -0.002 -18"><span class='ocrx_word' id='word_1_92' title='bbox 111 1050 242 1112; x_wconf 89' lang='lat' dir='ltr'>etlicitur,</span> <span class='ocrx_word' id='word_1_93' title='bbox 257 1064 327 1115; x_wconf 90' lang='lat' dir='ltr'>quae</span> <span class='ocrx_word' id='word_1_94' title='bbox 340 1065 405 1100; x_wconf 91' lang='lat' dir='ltr'>vero</span> <span class='ocrx_word' id='word_1_95' title='bbox 417 1050 608 1116; x_wconf 86' lang='lat' dir='ltr'>estsuperior‚</span> <span class='ocrx_word' id='word_1_96' title='bbox 623 1048 799 1100; x_wconf 82' lang='lat' dir='ltr'>vehementia</span> <span class='ocrx_word' id='word_1_97' title='bbox 810 1047 914 1098; x_wconf 89' lang='lat' dir='ltr'>caloris</span> 
     </span>
     <span class='ocr_line' id='line_1_14' title="bbox 110 1114 913 1183; baseline -0.004 -17"><span class='ocrx_word' id='word_1_98' title='bbox 110 1116 219 1167; x_wconf 87' lang='lat' dir='ltr'>eductis</span> <span class='ocrx_word' id='word_1_99' title='bbox 234 1118 261 1166; x_wconf 92' lang='lat' dir='ltr'>in</span> <span class='ocrx_word' id='word_1_100' title='bbox 277 1120 344 1167; x_wconf 81' lang='lat' dir='ltr'>aera</span> <span class='ocrx_word' id='word_1_101' title='bbox 352 1132 403 1182; x_wconf 91' lang='lat' dir='ltr'>per</span> <span class='ocrx_word' id='word_1_102' title='bbox 414 1117 503 1167; x_wconf 86' lang='lat' dir='ltr'>nodos</span> <span class='ocrx_word' id='word_1_103' title='bbox 513 1117 613 1178; x_wconf 89' lang='lat' dir='ltr'>ramis,</span> <span class='ocrx_word' id='word_1_104' title='bbox 629 1117 756 1183; x_wconf 87' lang='lat' dir='ltr'>praecisa</span> <span class='ocrx_word' id='word_1_105' title='bbox 767 1115 823 1165; x_wconf 91' lang='lat' dir='ltr'>alte</span> <span class='ocrx_word' id='word_1_106' title='bbox 834 1114 913 1165; x_wconf 92' lang='lat' dir='ltr'>circi-</span> 
     </span>
     <span class='ocr_line' id='line_1_15' title="bbox 109 1181 914 1251; baseline -0.004 -18"><span class='ocrx_word' id='word_1_107' title='bbox 109 1193 153 1233; x_wconf 88' lang='lat' dir='ltr'>ter</span> <span class='ocrx_word' id='word_1_108' title='bbox 167 1183 253 1249; x_wconf 87' lang='lat' dir='ltr'>pedes</span> <span class='ocrx_word' id='word_1_109' title='bbox 269 1184 323 1234; x_wconf 87' lang='lat' dir='ltr'>XX</span> <span class='ocrx_word' id='word_1_110' title='bbox 337 1192 366 1234; x_wconf 92' lang='lat' dir='ltr'>et</span> <span class='ocrx_word' id='word_1_111' title='bbox 379 1184 526 1251; x_wconf 84' lang='lat' dir='ltr'>perdolata</span> <span class='ocrx_word' id='word_1_112' title='bbox 540 1189 655 1250; x_wconf 87' lang='lat' dir='ltr'>propter</span> <span class='ocrx_word' id='word_1_113' title='bbox 664 1183 824 1234; x_wconf 84' lang='lat' dir='ltr'>nodationis</span> <span class='ocrx_word' id='word_1_114' title='bbox 841 1181 914 1231; x_wconf 89' lang='lat' dir='ltr'>duri-</span> 
     </span>
     <span class='ocr_line' id='line_1_16' title="bbox 110 1248 915 1302; baseline -0.004 -2"><span class='ocrx_word' id='word_1_115' title='bbox 110 1251 177 1300; x_wconf 90' lang='lat' dir='ltr'>tiem</span> <span class='ocrx_word' id='word_1_116' title='bbox 193 1251 295 1301; x_wconf 91' lang='lat' dir='ltr'>dicitur</span> <span class='ocrx_word' id='word_1_117' title='bbox 310 1267 373 1302; x_wconf 84' lang='lat' dir='ltr'>esse</span> <span class='ocrx_word' id='word_1_118' title='bbox 390 1250 526 1302; x_wconf 82' lang='lat' dir='ltr'>fusterna.</span> <span class='ocrx_word' id='word_1_119' title='bbox 561 1250 619 1300; x_wconf 92' lang='lat' dir='ltr'>lma</span> <span class='ocrx_word' id='word_1_120' title='bbox 634 1256 725 1300; x_wconf 90' lang='lat' dir='ltr'>autem</span> <span class='ocrx_word' id='word_1_121' title='bbox 743 1264 804 1299; x_wconf 92' lang='lat' dir='ltr'>cum</span> <span class='ocrx_word' id='word_1_122' title='bbox 821 1248 915 1298; x_wconf 85' lang='lat' dir='ltr'>excisa</span> 
     </span>
     <span class='ocr_line' id='line_1_17' title="bbox 111 1315 914 1383; baseline -0.004 -16"><span class='ocrx_word' id='word_1_123' title='bbox 111 1316 301 1382; x_wconf 85' lang='lat' dir='ltr'>quadrifluviis</span> <span class='ocrx_word' id='word_1_124' title='bbox 313 1319 484 1383; x_wconf 84' lang='lat' dir='ltr'>disparatur,</span> <span class='ocrx_word' id='word_1_125' title='bbox 501 1318 592 1367; x_wconf 91' lang='lat' dir='ltr'>eiecto</span> <span class='ocrx_word' id='word_1_126' title='bbox 607 1315 700 1367; x_wconf 90' lang='lat' dir='ltr'>torulo</span> <span class='ocrx_word' id='word_1_127' title='bbox 716 1316 857 1368; x_wconf 83' lang='lat' dir='ltr'>exeadem</span> <span class='ocrx_word' id='word_1_128' title='bbox 875 1329 914 1364; x_wconf 90' lang='lat' dir='ltr'>ar·</span> 
     </span>
     <span class='ocr_line' id='line_1_18' title="bbox 111 1383 914 1450; baseline -0.002 -18"><span class='ocrx_word' id='word_1_129' title='bbox 111 1383 191 1445; x_wconf 90' lang='lat' dir='ltr'>bore,</span> <span class='ocrx_word' id='word_1_130' title='bbox 208 1383 243 1432; x_wconf 94' lang='lat' dir='ltr'>ad</span> <span class='ocrx_word' id='word_1_131' title='bbox 252 1385 387 1434; x_wconf 89' lang='lat' dir='ltr'>intestina</span> <span class='ocrx_word' id='word_1_132' title='bbox 398 1400 484 1450; x_wconf 86' lang='lat' dir='ltr'>opero</span> <span class='ocrx_word' id='word_1_133' title='bbox 494 1390 671 1450; x_wconf 88' lang='lat' dir='ltr'>comparatur</span> <span class='ocrx_word' id='word_1_134' title='bbox 681 1389 710 1433; x_wconf 90' lang='lat' dir='ltr'>et</span> <span class='ocrx_word' id='word_1_135' title='bbox 719 1383 854 1449; x_wconf 79' lang='lat' dir='ltr'>sappinea</span> <span class='ocrx_word' id='word_1_136' title='bbox 868 1397 914 1431; x_wconf 85' lang='lat' dir='ltr'>ro·</span> 
     </span>
     <span class='ocr_line' id='line_1_19' title="bbox 110 1449 914 1517; baseline -0.001 -19"><span class='ocrx_word' id='word_1_137' title='bbox 110 1455 197 1500; x_wconf 87' lang='lat' dir='ltr'>catur.</span> <span class='ocrx_word' id='word_1_138' title='bbox 223 1449 247 1499; x_wconf 88' lang='lat'>8.</span> <span class='ocrx_word' id='word_1_139' title='bbox 264 1450 368 1501; x_wconf 79' lang='lat' dir='ltr'>Contra</span> <span class='ocrx_word' id='word_1_140' title='bbox 378 1466 444 1502; x_wconf 87' lang='lat' dir='ltr'>vero</span> <span class='ocrx_word' id='word_1_141' title='bbox 456 1466 574 1517; x_wconf 84' lang='lat' dir='ltr'>quercus</span> <span class='ocrx_word' id='word_1_142' title='bbox 586 1451 705 1501; x_wconf 87' lang='lat' dir='ltr'>terrenis</span> <span class='ocrx_word' id='word_1_143' title='bbox 714 1450 914 1515; x_wconf 88' lang='lat' dir='ltr'>principiorum</span> 
     </span>
     <span class='ocr_line' id='line_1_20' title="bbox 111 1513 914 1584; baseline 0 -20"><span class='ocrx_word' id='word_1_144' title='bbox 111 1516 287 1567; x_wconf 85' lang='lat' dir='ltr'>satietatibus</span> <span class='ocrx_word' id='word_1_145' title='bbox 305 1517 447 1568; x_wconf 89' lang='lat' dir='ltr'>abundans</span> <span class='ocrx_word' id='word_1_146' title='bbox 464 1532 614 1584; x_wconf 90' lang='lat' dir='ltr'>parumque</span> <span class='ocrx_word' id='word_1_147' title='bbox 626 1515 735 1569; x_wconf 18' lang='lat' dir='ltr'>,habens</span> <span class='ocrx_word' id='word_1_148' title='bbox 751 1513 875 1577; x_wconf 86' lang='lat' dir='ltr'>humoris</span> <span class='ocrx_word' id='word_1_149' title='bbox 887 1523 914 1564; x_wconf 86' lang='lat' dir='ltr'>et</span> 
     </span>
     <span class='ocr_line' id='line_1_21' title="bbox 111 1582 913 1650; baseline -0.001 -19"><span class='ocrx_word' id='word_1_150' title='bbox 111 1584 184 1632; x_wconf 78' lang='lat' dir='ltr'>aeris</span> <span class='ocrx_word' id='word_1_151' title='bbox 195 1590 224 1633; x_wconf 94' lang='lat' dir='ltr'>et</span> <span class='ocrx_word' id='word_1_152' title='bbox 232 1584 315 1650; x_wconf 86' lang='lat' dir='ltr'>ignis,</span> <span class='ocrx_word' id='word_1_153' title='bbox 324 1600 385 1635; x_wconf 84' lang='lat' dir='ltr'>cunr</span> <span class='ocrx_word' id='word_1_154' title='bbox 395 1586 424 1634; x_wconf 93' lang='lat' dir='ltr'>in</span> <span class='ocrx_word' id='word_1_155' title='bbox 434 1586 553 1635; x_wconf 88' lang='lat' dir='ltr'>terrenis</span> <span class='ocrx_word' id='word_1_156' title='bbox 565 1584 696 1650; x_wconf 87' lang='lat' dir='ltr'>operibus</span> <span class='ocrx_word' id='word_1_157' title='bbox 708 1583 843 1642; x_wconf 90' lang='lat' dir='ltr'>obruitur,</span> <span class='ocrx_word' id='word_1_158' title='bbox 854 1582 913 1631; x_wconf 87' lang='lat' dir='ltr'>inti-</span> 
     </span>
     <span class='ocr_line' id='line_1_22' title="bbox 112 1645 913 1718; baseline -0.001 -20"><span class='ocrx_word' id='word_1_159' title='bbox 112 1645 913 1718; x_wconf 81' lang='lat' dir='ltr'>nitamhabetaeternitatenr,exeoquodcumtangiturhu·</span> 
     </span>
     <span class='ocr_line' id='line_1_23' title="bbox 109 1715 912 1782; baseline 0 -17"><span class='ocrx_word' id='word_1_160' title='bbox 109 1732 200 1780; x_wconf 90' lang='lat' dir='ltr'>more,</span> <span class='ocrx_word' id='word_1_161' title='bbox 216 1734 271 1769; x_wconf 91' lang='lat' dir='ltr'>non</span> <span class='ocrx_word' id='word_1_162' title='bbox 283 1717 387 1769; x_wconf 89' lang='lat' dir='ltr'>habens</span> <span class='ocrx_word' id='word_1_163' title='bbox 398 1718 565 1770; x_wconf 86' lang='lat' dir='ltr'>foraminum</span> <span class='ocrx_word' id='word_1_164' title='bbox 575 1719 707 1768; x_wconf 86' lang='lat' dir='ltr'>raritates</span> <span class='ocrx_word' id='word_1_165' title='bbox 717 1722 832 1782; x_wconf 92' lang='lat' dir='ltr'>propter</span> <span class='ocrx_word' id='word_1_166' title='bbox 844 1715 912 1780; x_wconf 87' lang='lat' dir='ltr'>spis-</span> 
     </span>
     <span class='ocr_line' id='line_1_24' title="bbox 110 1782 914 1852; baseline -0.004 -19"><span class='ocrx_word' id='word_1_167' title='bbox 110 1785 221 1834; x_wconf 87' lang='lat' dir='ltr'>sitatem</span> <span class='ocrx_word' id='word_1_168' title='bbox 232 1801 287 1836; x_wconf 93' lang='lat' dir='ltr'>non</span> <span class='ocrx_word' id='word_1_169' title='bbox 296 1792 392 1851; x_wconf 85' lang='lat' dir='ltr'>potest</span> <span class='ocrx_word' id='word_1_170' title='bbox 401 1787 429 1835; x_wconf 92' lang='lat' dir='ltr'>in</span> <span class='ocrx_word' id='word_1_171' title='bbox 441 1801 542 1852; x_wconf 87' lang='lat' dir='ltr'>corpus</span> <span class='ocrx_word' id='word_1_172' title='bbox 556 1786 683 1851; x_wconf 89' lang='lat' dir='ltr'>recipere</span> <span class='ocrx_word' id='word_1_173' title='bbox 699 1784 848 1850; x_wconf 90' lang='lat' dir='ltr'>liquorem,</span> <span class='ocrx_word' id='word_1_174' title='bbox 865 1782 914 1832; x_wconf 87' lang='lat' dir='ltr'>sed</span> 
     </span>
     <span class='ocr_line' id='line_1_25' title="bbox 109 1849 914 1919; baseline -0.006 -18"><span class='ocrx_word' id='word_1_175' title='bbox 109 1851 220 1918; x_wconf 83' lang='lat' dir='ltr'>fugiens</span> <span class='ocrx_word' id='word_1_176' title='bbox 236 1853 270 1903; x_wconf 90' lang='lat' dir='ltr'>ab</span> <span class='ocrx_word' id='word_1_177' title='bbox 282 1852 397 1904; x_wconf 89' lang='lat' dir='ltr'>humore</span> <span class='ocrx_word' id='word_1_178' title='bbox 407 1854 516 1904; x_wconf 89' lang='lat' dir='ltr'>resistit</span> <span class='ocrx_word' id='word_1_179' title='bbox 526 1859 555 1903; x_wconf 92' lang='lat' dir='ltr'>et</span> <span class='ocrx_word' id='word_1_180' title='bbox 564 1859 725 1919; x_wconf 89' lang='lat' dir='ltr'>torquetur,</span> <span class='ocrx_word' id='word_1_181' title='bbox 742 1857 771 1900; x_wconf 92' lang='lat' dir='ltr'>et</span> <span class='ocrx_word' id='word_1_182' title='bbox 788 1849 873 1899; x_wconf 86' lang='lat' dir='ltr'>efficit</span> <span class='ocrx_word' id='word_1_183' title='bbox 886 1850 914 1896; x_wconf 91' lang='lat' dir='ltr'>in</span> 
     </span>
     <span class='ocr_line' id='line_1_26' title="bbox 110 1916 913 1987; baseline -0.007 -18"><span class='ocrx_word' id='word_1_184' title='bbox 110 1919 209 1984; x_wconf 92' lang='lat' dir='ltr'>quibus</span> <span class='ocrx_word' id='word_1_185' title='bbox 229 1927 273 1970; x_wconf 90' lang='lat' dir='ltr'>est</span> <span class='ocrx_word' id='word_1_186' title='bbox 293 1921 424 1987; x_wconf 87' lang='lat' dir='ltr'>operibus</span> <span class='ocrx_word' id='word_1_187' title='bbox 446 1935 480 1970; x_wconf 89' lang='lat' dir='ltr'>ea</span> <span class='ocrx_word' id='word_1_188' title='bbox 504 1921 618 1970; x_wconf 91' lang='lat' dir='ltr'>rimosa.</span> <span class='ocrx_word' id='word_1_189' title='bbox 654 1916 678 1969; x_wconf 79' lang='lat'>9.</span> <span class='ocrx_word' id='word_1_190' title='bbox 696 1916 815 1968; x_wconf 83' lang='lat' dir='ltr'>Esculus</span> <span class='ocrx_word' id='word_1_191' title='bbox 835 1929 913 1975; x_wconf 79' lang='lat' dir='ltr'>vero,</span> 
     </span>
     <span class='ocr_line' id='line_1_27' title="bbox 110 1981 913 2053; baseline -0.007 -17"><span class='ocrx_word' id='word_1_192' title='bbox 110 1987 184 2051; x_wconf 92' lang='lat' dir='ltr'>quod</span> <span class='ocrx_word' id='word_1_193' title='bbox 195 1989 375 2047; x_wconf 84' lang='lat' dir='ltr'>estomnibus</span> <span class='ocrx_word' id='word_1_194' title='bbox 385 1987 529 2053; x_wconf 89' lang='lat' dir='ltr'>principiis</span> <span class='ocrx_word' id='word_1_195' title='bbox 540 1992 708 2052; x_wconf 89' lang='lat' dir='ltr'>temperata,</span> <span class='ocrx_word' id='word_1_196' title='bbox 725 1981 809 2034; x_wconf 89' lang='lat' dir='ltr'>habet</span> <span class='ocrx_word' id='word_1_197' title='bbox 824 1983 853 2031; x_wconf 92' lang='lat' dir='ltr'>in</span> <span class='ocrx_word' id='word_1_198' title='bbox 869 1997 913 2031; x_wconf 87' lang='lat' dir='ltr'>ae·</span> 
     </span>
     <span class='ocr_line' id='line_1_28' title="bbox 110 2049 912 2121; baseline -0.009 -18"><span class='ocrx_word' id='word_1_199' title='bbox 110 2054 210 2104; x_wconf 85' lang='lat' dir='ltr'>diliciis</span> <span class='ocrx_word' id='word_1_200' title='bbox 220 2070 335 2121; x_wconf 88' lang='lat' dir='ltr'>magnas</span> <span class='ocrx_word' id='word_1_201' title='bbox 345 2054 495 2116; x_wconf 62' lang='lat' dir='ltr'>utilitatem</span> <span class='ocrx_word' id='word_1_202' title='bbox 515 2053 565 2103; x_wconf 87' lang='lat' dir='ltr'>sed</span> <span class='ocrx_word' id='word_1_203' title='bbox 576 2052 719 2103; x_wconf 82' lang='lat' dir='ltr'>cacumin</span> <span class='ocrx_word' id='word_1_204' title='bbox 730 2049 845 2101; x_wconf 87' lang='lat' dir='ltr'>humore</span> <span class='ocrx_word' id='word_1_205' title='bbox 856 2049 912 2097; x_wconf 93' lang='lat' dir='ltr'>col-</span> 
     </span>
     <span class='ocr_line' id='line_1_29' title="bbox 110 2116 913 2186; baseline -0.007 -17"><span class='ocrx_word' id='word_1_206' title='bbox 110 2120 231 2182; x_wconf 86' lang='lat' dir='ltr'>locatur,</span> <span class='ocrx_word' id='word_1_207' title='bbox 250 2122 388 2186; x_wconf 85' lang='lat' dir='ltr'>recipiens</span> <span class='ocrx_word' id='word_1_208' title='bbox 412 2121 523 2186; x_wconf 87' lang='lat' dir='ltr'>penitus</span> <span class='ocrx_word' id='word_1_209' title='bbox 541 2134 591 2186; x_wconf 92' lang='lat' dir='ltr'>per</span> <span class='ocrx_word' id='word_1_210' title='bbox 609 2118 748 2169; x_wconf 83' lang='lat' dir='ltr'>foramina</span> <span class='ocrx_word' id='word_1_211' title='bbox 766 2116 913 2181; x_wconf 86' lang='lat' dir='ltr'>liquorem,</span> 
     </span>
     <span class='ocr_line' id='line_1_30' title="bbox 109 2182 913 2253; baseline -0.007 -18"><span class='ocrx_word' id='word_1_212' title='bbox 109 2187 200 2235; x_wconf 90' lang='lat' dir='ltr'>eiecto</span> <span class='ocrx_word' id='word_1_213' title='bbox 217 2191 282 2236; x_wconf 85' lang='lat' dir='ltr'>ae&#39;re</span> <span class='ocrx_word' id='word_1_214' title='bbox 299 2196 328 2237; x_wconf 89' lang='lat' dir='ltr'>et</span> <span class='ocrx_word' id='word_1_215' title='bbox 341 2188 413 2253; x_wconf 85' lang='lat' dir='ltr'>igni,</span> <span class='ocrx_word' id='word_1_216' title='bbox 436 2187 599 2252; x_wconf 87' lang='lat' dir='ltr'>operatione</span> <span class='ocrx_word' id='word_1_217' title='bbox 615 2183 744 2235; x_wconf 85' lang='lat' dir='ltr'>humidae</span> <span class='ocrx_word' id='word_1_218' title='bbox 762 2182 913 2248; x_wconf 83' lang='lat' dir='ltr'>potestatis</span> 
     </span>
     <span class='ocr_line' id='line_1_31' title="bbox 108 2246 919 2319; baseline -0.006 -18"><span class='ocrx_word' id='word_1_219' title='bbox 108 2253 230 2302; x_wconf 82' lang='lat' dir='ltr'>vitiatur.</span> <span class='ocrx_word' id='word_1_220' title='bbox 267 2253 382 2316; x_wconf 86' lang='lat' dir='ltr'>Cerrus,</span> <span class='ocrx_word' id='word_1_221' title='bbox 401 2268 533 2319; x_wconf 90' lang='lat' dir='ltr'>quercus,</span> <span class='ocrx_word' id='word_1_222' title='bbox 550 2251 646 2318; x_wconf 83' lang='lat' dir='ltr'>fagus,</span> <span class='ocrx_word' id='word_1_223' title='bbox 663 2246 919 2318; x_wconf 85' lang='lat' dir='ltr'>quodparite1·ha··</span> 
     </span>
     <span class='ocr_line' id='line_1_32' title="bbox 109 2315 915 2384; baseline -0.004 -16"><span class='ocrx_word' id='word_1_224' title='bbox 109 2319 175 2368; x_wconf 87' lang='lat' dir='ltr'>beot</span> <span class='ocrx_word' id='word_1_225' title='bbox 193 2319 357 2370; x_wconf 83' lang='lat' dir='ltr'>mixtionem</span> <span class='ocrx_word' id='word_1_226' title='bbox 378 2318 504 2370; x_wconf 86' lang='lat' dir='ltr'>humoris</span> <span class='ocrx_word' id='word_1_227' title='bbox 522 2325 550 2369; x_wconf 88' lang='lat' dir='ltr'>et</span> <span class='ocrx_word' id='word_1_228' title='bbox 566 2319 640 2384; x_wconf 82' lang='lat' dir='ltr'>ignis</span> <span class='ocrx_word' id='word_1_229' title='bbox 662 2325 690 2369; x_wconf 93' lang='lat' dir='ltr'>et</span> <span class='ocrx_word' id='word_1_230' title='bbox 702 2315 819 2376; x_wconf 89' lang='lat' dir='ltr'>terreni,</span> <span class='ocrx_word' id='word_1_231' title='bbox 841 2315 915 2365; x_wconf 74' lang='lat' dir='ltr'>aeris</span> 
     </span>
     <span class='ocr_line' id='line_1_33' title="bbox 109 2382 914 2453; baseline -0.007 -17"><span class='ocrx_word' id='word_1_232' title='bbox 109 2385 271 2453; x_wconf 89' lang='lat' dir='ltr'>plurimum,</span> <span class='ocrx_word' id='word_1_233' title='bbox 282 2388 379 2453; x_wconf 86' lang='lat' dir='ltr'>pervia</span> <span class='ocrx_word' id='word_1_234' title='bbox 388 2388 504 2438; x_wconf 87' lang='lat' dir='ltr'>raritate</span> <span class='ocrx_word' id='word_1_235' title='bbox 515 2383 646 2436; x_wconf 83' lang='lat' dir='ltr'>humores</span> <span class='ocrx_word' id='word_1_236' title='bbox 656 2384 768 2450; x_wconf 87' lang='lat' dir='ltr'>penitus</span> <span class='ocrx_word' id='word_1_237' title='bbox 778 2382 914 2447; x_wconf 90' lang='lat' dir='ltr'>recipien-</span> 
     </span>
     <span class='ocr_line' id='line_1_34' title="bbox 110 2449 915 2517; baseline -0.009 -14"><span class='ocrx_word' id='word_1_238' title='bbox 110 2454 145 2504; x_wconf 94' lang='lat' dir='ltr'>do</span> <span class='ocrx_word' id='word_1_239' title='bbox 165 2453 297 2504; x_wconf 91' lang='lat' dir='ltr'>celeriter</span> <span class='ocrx_word' id='word_1_240' title='bbox 316 2461 500 2505; x_wconf 75' lang='lat' dir='ltr'>marcescunt,</span> <span class='ocrx_word' id='word_1_241' title='bbox 536 2450 661 2517; x_wconf 89' lang='lat' dir='ltr'>Populus</span> <span class='ocrx_word' id='word_1_242' title='bbox 687 2449 751 2500; x_wconf 92' lang='lat' dir='ltr'>alba</span> <span class='ocrx_word' id='word_1_243' title='bbox 773 2455 802 2499; x_wconf 90' lang='lat' dir='ltr'>et</span> <span class='ocrx_word' id='word_1_244' title='bbox 825 2449 915 2514; x_wconf 83' lang='lat' dir='ltr'>nigra,</span> 
     </span>
    </p>
   </div>
   <div class='ocr_carea' id='block_1_3' title="bbox 108 2516 915 2791">
    <p class='ocr_par' dir='ltr' id='par_1_4' title="bbox 108 2516 915 2791">
     <span class='ocr_line' id='line_1_35' title="bbox 108 2516 915 2587; baseline -0.009 -17"><span class='ocrx_word' id='word_1_245' title='bbox 108 2522 176 2571; x_wconf 91' lang='lat' dir='ltr'>item</span> <span class='ocrx_word' id='word_1_246' title='bbox 185 2520 266 2583; x_wconf 80' lang='lat' dir='ltr'>salix,</span> <span class='ocrx_word' id='word_1_247' title='bbox 277 2520 348 2584; x_wconf 88' lang='lat' dir='ltr'>tilia,</span> <span class='ocrx_word' id='word_1_248' title='bbox 359 2522 444 2582; x_wconf 81' lang='lat' dir='ltr'>vitex,</span> <span class='ocrx_word' id='word_1_249' title='bbox 455 2521 530 2587; x_wconf 87' lang='lat' dir='ltr'>ignis</span> <span class='ocrx_word' id='word_1_250' title='bbox 541 2526 569 2569; x_wconf 94' lang='lat' dir='ltr'>et</span> <span class='ocrx_word' id='word_1_251' title='bbox 579 2518 651 2569; x_wconf 82' lang='lat' dir='ltr'>aeris</span> <span class='ocrx_word' id='word_1_252' title='bbox 662 2516 789 2567; x_wconf 89' lang='lat' dir='ltr'>habendo</span> <span class='ocrx_word' id='word_1_253' title='bbox 801 2516 915 2564; x_wconf 87' lang='lat' dir='ltr'>satieta-</span> 
     </span>
     <span class='ocr_line' id='line_1_36' title="bbox 108 2579 915 2654; baseline -0.011 -16"><span class='ocrx_word' id='word_1_254' title='bbox 108 2595 175 2649; x_wconf 88' lang='lat' dir='ltr'>tem,</span> <span class='ocrx_word' id='word_1_255' title='bbox 183 2586 307 2638; x_wconf 88' lang='lat' dir='ltr'>humoris</span> <span class='ocrx_word' id='word_1_256' title='bbox 317 2594 479 2654; x_wconf 90' lang='lat' dir='ltr'>temperate,</span> <span class='ocrx_word' id='word_1_257' title='bbox 491 2600 586 2653; x_wconf 88' lang='lat' dir='ltr'>parurn</span> <span class='ocrx_word' id='word_1_258' title='bbox 597 2592 689 2635; x_wconf 88' lang='lat' dir='ltr'>autem</span> <span class='ocrx_word' id='word_1_259' title='bbox 697 2581 804 2634; x_wconf 89' lang='lat' dir='ltr'>terreni</span> <span class='ocrx_word' id='word_1_260' title='bbox 813 2579 915 2631; x_wconf 91' lang='lat' dir='ltr'>haben-</span> 
     </span>
     <span class='ocr_line' id='line_1_37' title="bbox 108 2644 915 2722; baseline -0.011 -17"><span class='ocrx_word' id='word_1_261' title='bbox 108 2662 165 2717; x_wconf 83' lang='lat' dir='ltr'>tes,</span> <span class='ocrx_word' id='word_1_262' title='bbox 180 2654 280 2705; x_wconf 87' lang='lat' dir='ltr'>leviori</span> <span class='ocrx_word' id='word_1_263' title='bbox 289 2661 479 2722; x_wconf 86' lang='lat' dir='ltr'>temperatura</span> <span class='ocrx_word' id='word_1_264' title='bbox 489 2658 667 2718; x_wconf 88' lang='lat' dir='ltr'>comparatae</span> <span class='ocrx_word' id='word_1_265' title='bbox 679 2648 821 2717; x_wconf 74' lang='lat' dir='ltr'>egregiam</span> <span class='ocrx_word' id='word_1_266' title='bbox 831 2644 915 2697; x_wconf 86' lang='lat' dir='ltr'>habe-</span> 
     </span>
     <span class='ocr_line' id='line_1_38' title="bbox 108 2714 902 2791; baseline -0.011 -19"><span class='ocrx_word' id='word_1_267' title='bbox 108 2737 139 2772; x_wconf 89' lang='lat' dir='ltr'>re</span> <span class='ocrx_word' id='word_1_268' title='bbox 154 2722 284 2775; x_wconf 85' lang='lat' dir='ltr'>videntur</span> <span class='ocrx_word' id='word_1_269' title='bbox 297 2723 326 2773; x_wconf 94' lang='lat' dir='ltr'>in</span> <span class='ocrx_word' id='word_1_270' title='bbox 337 2738 389 2774; x_wconf 92' lang='lat' dir='ltr'>usu</span> <span class='ocrx_word' id='word_1_271' title='bbox 400 2721 583 2791; x_wconf 81' lang='lat' dir='ltr'>rigiditatem.</span> <span class='ocrx_word' id='word_1_272' title='bbox 617 2718 694 2785; x_wconf 81' lang='lat' dir='ltr'>Ergo</span> <span class='ocrx_word' id='word_1_273' title='bbox 715 2730 777 2766; x_wconf 87' lang='lat' dir='ltr'>cum</span> <span class='ocrx_word' id='word_1_274' title='bbox 789 2729 846 2764; x_wconf 89' lang='lat' dir='ltr'>non</span> <span class='ocrx_word' id='word_1_275' title='bbox 860 2714 902 2765; x_wconf 83' lang='lat' dir='ltr'>sir</span> 
     </span>
    </p>
   </div>
   <div class='ocr_carea' id='block_1_4' title="bbox 0 0 1032 3090">
    <p class='ocr_par' dir='ltr' id='par_1_5' title="bbox 0 0 1032 3090">
     <span class='ocr_line' id='line_1_39' title="bbox 0 0 1032 3090; baseline 0 0"><span class='ocrx_word' id='word_1_276' title='bbox 0 0 1032 3090; x_wconf 95' lang='lat' dir='ltr'> </span> 
     </span>
    </p>
   </div>
  </div>
 </body>
</html>
