2054 3090
317 214 445 268 LIBER
461 218 502 270 ll.
531 217 617 270 CAP.
635 218 688 270 lx.
871 216 899 266 51

99 315 186 366 durae
200 317 306 366 terreni
315 313 465 380 mixtione,
475 312 594 385 'propter
603 320 746 369 raritatem
761 323 825 367 sunt
838 316 905 367 cali-

100 382 166 446 dae,
177 384 246 433 etin
256 383 406 449 sculpturis
417 386 590 436 commodam
599 391 743 452 praestant
752 383 904 433 tractabili-

99 455 195 501 tatem.
232 451 272 500 lo.
290 451 375 502 Alnus
390 457 481 502 autem
497 467 568 519 quae
580 454 708 519 proxima
718 451 857 502 fluminum
867 451 903 499 ri-

100 517 142 582 pis
152 522 328 583 procreatur,
337 524 366 567 et
375 519 488 569 minime
497 521 629 570 materies
639 519 717 570 utilis
728 517 846 576 ridetur,
857 514 903 565 ha-

99 583 148 635 bet
162 585 193 635 in
207 599 238 634 sc
254 585 383 650 egregias
400 586 539 637 rationes:
562 587 664 646 etenim
675 589 739 636 aire
750 590 794 634 est
804 589 832 632 et
845 583 905 648 igni

100 651 220 716 plurimo
240 656 409 716 temperata,
428 666 484 702 non
501 653 616 704 multum
635 659 764 715 terreno,
789 649 903 700 humore

100 717 197 783 paulo:
217 718 311 783 itaque
322 717 395 834 ‹puod
406 719 496 770 minus
507 716 591 770 babet
599 720 628 770 in
639 733 756 786 corpore
772 716 905 777 humoris,

100 786 129 834 in
144 784 316 850 palustribus
344 785 403 834 ocis
423 784 497 836 infra
514 785 694 838 fundamenta
714 785 904 836 aedificiorum

100 851 288 966 palationibus
307 851 404 901 crebre
415 852 482 914 lixa,
496 854 635 918 recipiens
646 854 674 903 in
685 866 716 903 se
725 852 800 919 quod
814 851 904 900 minus

120 917 187 967 abet
198 918 227 968 in
241 932 359 983 corpore
375 919 506 985 liquoris,
527 926 672 984 permanet
686 916 852 970 immortalis
868 920 902 966 ad

102 985 311 1046 aeternitatem,
326 991 355 1035 et
370 986 490 1036 sustinet
501 987 632 1037 immania
646 986 771 1053 pondere
784 988 902 1034 structu-

103 1065 165 1113 rae,
187 1057 216 1100 et
226 1052 286 1100 sine
305 1052 381 1102 vitiis
397 1058 552 1103 conservat.
588 1052 631 1103 lta
651 1067 722 1119 quae
738 1066 794 1101 non
809 1054 903 1115 potest

102 1124 182 1167 extra
197 1124 298 1167 terram
313 1119 423 1184 paulum
440 1124 549 1185 tempus
566 1119 680 1181 durare,
699 1134 733 1168 ea
748 1119 776 1167 in
787 1114 901 1166 humore

102 1185 203 1233 obruta
221 1191 364 1249 permanet
381 1185 417 1235 ad
435 1185 653 1236 diuturnitatem.
690 1186 730 1235 ll.
741 1184 800 1234 Est
811 1188 902 1232 autem

102 1251 221 1300 niaxime
238 1251 267 1301 id
288 1252 467 1302 considerare
483 1252 647 1314 Ravennae,
669 1250 796 1318 quodibi
811 1248 903 1299 omnia

102 1332 189 1382 opera
206 1324 235 1367 et
248 1318 360 1382 publica
370 1319 513 1384 etprivata
524 1319 575 1369 sub
585 1319 771 1370 fundamentis
782 1317 842 1367 eius
859 1331 905 1382 ge-

102 1385 177 1434 neris
191 1382 294 1434 habent
309 1385 397 1450 palos,
432 1386 529 1437 Ulmus
543 1400 610 1436 vero
629 1392 658 1436 et
674 1386 800 1437 fraxinus
819 1384 905 1433 maxi-

101 1466 162 1501 mos
173 1449 275 1501 habent
286 1450 417 1510 humores
429 1454 624 1519 minimumque
636 1454 709 1504 airis
720 1459 749 1503 ct
758 1451 844 1518 ignis,
855 1450 904 1500 sed

102 1518 205 1567 terreni
216 1525 272 1567 tem
293 1525 371 1568 erata
380 1520 514 1571 mixtione
525 1527 714 1587 comparatae,
730 1518 829 1570 suntin
840 1531 902 1584 ope·

103 1584 188 1646 ribus,
200 1599 261 1634 cum
271 1533 451 1648 Fabricantun
461 1587 553 1638 lentae
565 1594 593 1638 et
603 1588 637 1638 ab
647 1587 771 1654 pondere
782 1583 904 1635 humoris

102 1666 158 1701 non
168 1648 272 1701 habent
281 1653 403 1718 rigorem
414 1653 464 1703 sed
474 1655 605 1705 celeriter
613 1655 747 1720 pandant:
765 1651 847 1703 simul
857 1665 903 1700 au·
964 1703 968 1712 ,

102 1724 158 1768 tem
174 1724 314 1768 vetustate
327 1725 392 1769 sunt
402 1720 496 1771 aridae
507 1721 599 1773 factae
610 1722 696 1772 autin
707 1734 775 1786 agro
792 1731 903 1784 praese-

102 1791 177 1846 ctac,
193 1786 239 1850 qui
250 1786 324 1835 inest
335 1786 376 1836 eis
387 1785 478 1852 liquor
492 1789 643 1851 stantibus,
659 1787 808 1846 emoritur,
824 1784 903 1846 liunt-v

102 1866 154 1917 quc
166 1851 307 1913 duriores,
325 1853 390 1902 etin
401 1856 590 1905 commissuris
606 1856 671 1906 etin
687 1850 904 1918 coagmentatio·

102 1918 182 1968 nibus
202 1918 236 1968 ab
252 1919 417 1969 lentitudine
438 1921 530 1971 firmas
545 1923 684 1986 recipiunt
703 1917 904 1970 catenationes.

102 1986 142 2035 12.
161 1985 229 2035 ltem
244 1987 387 2050 carpinus,
404 1987 478 2052 quod
495 1995 538 2039 est
552 1989 666 2038 minima
674 1986 748 2052 ignis
759 1989 788 2034 et
797 1983 901 2033 terreni

101 2053 250 2114 mixtione,
265 2053 338 2103 aeris
350 2059 442 2105 autem
453 2060 481 2103 et
489 2053 613 2105 humoris
624 2067 729 2104 summa
744 2050 902 2100 continetur

101 2125 302 2184 temperatura,
313 2135 368 2170 non
379 2127 422 2170 est
432 2120 556 2187 fragilis,
572 2121 622 2171 sed
632 2119 716 2169 habet
727 2117 900 2168 utilissimam

99 2186 336 2236 tractabilitatcm.
372 2186 468 2252 ltaque
477 2188 593 2249 Graeci,
609 2187 682 2252 quod
697 2201 731 2236 ex
742 2200 775 2234 ca
784 2183 901 2234 materia

100 2252 167 2318 iuga
175 2253 306 2303 iumentis
321 2261 496 2319 comparant,
521 2254 594 2319 quod
608 2253 681 2319 apud
695 2268 744 2303 eos
758 2253 787 2301 iu
808 2265 824 2300 a
840 2245 900 2311 ζυγὰ

100 2321 270 2381 vocitantur,
290 2320 358 2370 item
373 2327 401 2370 et
416 2335 476 2371 eam
489 2321 578 2384 ζυγίαν
593 2321 741 2387 appellant.
804 2332 838 2366 on
853 2316 901 2365 mi-

100 2401 151 2435 nus
168 2392 211 2437 est
224 2386 412 2437 admirandum
429 2387 462 2437 de
480 2402 614 2453 cupressu
629 2394 658 2437 et
667 2389 748 2453 pinu,
762 2383 837 2451 quod
852 2397 901 2431 eae
925 2423 931 2432 .

101 2448 234 2503 habentes
251 2452 374 2504 humoris
394 2454 591 2505 abundantiam
607 2467 777 2519 aequamque
795 2455 901 2501 cetero-

99 2533 160 2569 rum
174 2519 351 2582 mixtionem,
366 2527 482 2586 propter
491 2520 613 2577 humori
624 2521 783 2571 satietatem
793 2519 822 2566 in
838 2528 901 2580 ope-

100 2585 176 2636 ribus
191 2587 285 2637 solent
299 2601 361 2637 esse
374 2588 496 2653 pandas,
512 2589 602 2639 sedin
611 2591 778 2638 vetustatem
790 2583 849 2632 sine
863 2582 901 2631 vi-

99 2653 148 2703 tiis
159 2661 371 2716 conservantur,
383 2656 456 2721 quod
466 2656 490 2705 is
501 2654 602 2721 liquor,
614 2653 662 2720 qui
670 2654 745 2703 inest
753 2651 864 2717 penitus
873 2649 901 2697 in

100 2720 265 2787 corporibus
276 2734 385 2785 carum,
400 2720 614 2773 habetamarum
625 2735 768 2786 saporem,
783 2717 831 2786 qui
841 2731 902 2784 pro·

644 2786 704 2846 ba
