2054 3090
275 228 402 280 LlBElt
419 229 453 282 V.
480 229 564 281 CAP.
582 230 653 283 xli.
817 230 864 280 115

57 331 202 393 ciendum,
216 331 256 381 uti
268 345 349 381 arcae
360 330 485 398 duplices
495 332 592 382 relatis
603 331 705 384 tabulis
717 337 746 382 et
760 333 865 382 catenis

58 399 212 465 colligatae
220 399 250 448 in
261 412 294 448 eo
306 398 384 460 loco,
399 399 447 465 qui
461 399 555 449 finitus
570 399 636 462 erit,
651 399 864 462 constituantur,

57 472 88 517 et
99 467 174 516 intcr
189 465 312 516 destinas
327 471 404 515 creta
418 465 549 517 eronibus
563 481 598 518 ex
611 467 676 517 ulva
694 466 836 533 palustris
854 496 863 505 -

57 534 111 584 ctis
124 533 256 583 calcetur.
293 533 360 582 Cum
372 533 413 583 ita
425 533 497 583 bene
512 533 648 584 calcatum
662 539 692 583 et
705 549 784 599 quam
796 533 859 582 den-

56 600 168 652 sissime
183 598 280 662 fuerit,
293 605 360 649 tunc
375 598 511 663 cochleis,
525 602 608 663 rotis,
622 601 761 668 tympanis
773 601 858 651 collo·

56 668 141 729 catis,
155 667 236 718 locus
250 666 339 733 quiin
354 682 388 717 ea
401 668 528 733 ceptione
543 668 636 718 linitus
649 666 747 729 luerit,
766 668 857 717 exina-

55 735 149 785 niatur
163 736 285 784 siccetur
305 748 353 795 ue,
368 740 397 784 et
409 735 449 784 ibi
458 735 532 785 inter
541 735 684 801 septiones
698 734 857 784 fundamen-

55 808 86 852 ta
98 800 250 852 fodiantur.
286 749 318 851 gi
331 807 444 851 terrena
463 808 556 862 erunt,
576 817 663 868 usquc
683 802 717 851 ad
737 801 856 851 solidum

56 869 198 919 crassiora
211 883 291 935 quam
306 868 353 934 qui
366 883 460 925 murus
474 884 557 935 supra
569 867 679 919 futurus
694 870 748 919 erit
765 869 857 919 exina-

54 937 160 998 niatur,
175 937 364 1001 siccaturque,
385 941 415 985 et
425 941 492 990 tunc
505 942 644 987 structura
658 951 692 986 en
706 936 857 986 caementis

55 1003 134 1054 calce
149 1008 178 1053 et
191 1017 275 1053 arena
288 1002 468 1068 compleatur.
503 1001 526 1052 6.
547 1001 595 1054 Sin
609 1009 701 1053 autem
710 1001 804 1052 mollis
818 1002 857 1050 lo-

56 1086 105 1120 cus
117 1070 184 1132 erit,
198 1070 269 1138 palis
278 1069 408 1120 ustulatis
419 1069 507 1120 alneis
518 1077 566 1120 aut
576 1070 730 1137 oleagineis
744 1068 805 1136 [aut
814 1082 857 1117 ro-

54 1134 176 1203 busteis]
183 1137 348 1203 configatur,
360 1144 388 1186 et
398 1137 564 1187 carbonibus
576 1137 755 1203 compleatur,
765 1150 857 1201 quem·

55 1204 204 1255 admodum
223 1205 251 1253 in
270 1202 444 1254 theatrorum
463 1210 492 1254 et
504 1205 575 1254 muri
586 1202 797 1254 fundationibus
815 1207 858 1252 est

55 1272 197 1338 scriptum.
232 1271 342 1322 Deinde
356 1276 423 1321 tunc
436 1269 572 1351 quadrato
583 1285 651 1323 saxo
666 1284 760 1321 murus
775 1269 856 1320 duca-

55 1345 102 1390 tur
119 1339 255 1390 iuncturis
274 1353 355 1404 quam
374 1338 559 1405 longissimis,
578 1339 621 1390 uti
639 1338 759 1388 maxime
771 1337 857 1387 medii

55 1406 164 1473 lapides
179 1407 353 1473 coagmentis
371 1407 575 1456 contineantur.
599 1406 691 1464 ¹Tunc
710 1405 757 1472 qui
775 1405 854 1455 locus

56 1474 111 1523 erit
123 1473 197 1523 inter
209 1488 330 1535 murum,
348 1472 528 1524 ruderatione
545 1474 605 1524 sive
624 1480 764 1524 structura
781 1487 854 1523 eom-

73 1540 173 1591 leatur.
207 1540 249 1591 lta
259 1540 322 1602 erit,
332 1540 375 1591 uti
403 1541 474 1592 ossit
482 1541 568 1592 turris
577 1541 692 1608 insuper
702 1539 853 1591 aedificari.

53 1557 80 1658 i.
99 1607 152 1657 His
162 1606 309 1674 perfectis,
320 1555 491 1658 naveriiornm
503 1623 537 1658 ea
547 1609 601 1658 erit
610 1610 697 1669 ratio,
711 1613 743 1658 ut
753 1607 855 1658 consti-

54 1681 169 1726 tuantur
182 1674 337 1741 spectantia
352 1675 471 1725 maxime
490 1675 526 1725 ad
544 1676 773 1742 septentrionem,
793 1688 855 1722 nam

54 1742 226 1792 meridianae
235 1742 366 1808 regiones
377 1748 491 1809 propter
504 1749 598 1794 aestus
613 1743 728 1803 cariem,
741 1742 856 1801 tineam,

53 1808 210 1871 teredines,
230 1809 281 1859 reli
304 1823 394 1875 naque
404 1809 557 1860 bestiarum
575 1809 735 1860 nocentium
753 1821 857 1874 genera

54 1882 206 1946 procreant
226 1823 382 1944 alendoque
405 1882 584 1927 conservante
613 1890 702 1942 eaque
729 1873 857 1924 aedificia

55 1945 169 1994 minime
182 1949 247 1994 sunt
260 1942 433 1994 materianda
445 1949 559 2010 propter
572 1942 710 1993 incendia.
745 1941 788 1991 De
801 1955 857 1990 ma-

56 2010 203 2128 gnitudine
214 2017 306 2061 autem
317 2011 406 2061 finitio
417 2011 494 2061 nulla
505 2010 588 2061 debet
599 2024 674 2070 esse,
690 2008 741 2059 scd
753 2006 853 2058 faciun-

77 2078 142 2129 aad
154 2078 303 2128 maximum
316 2079 426 2128 narium
444 2078 569 2138 modum,
589 2077 641 2138 uti,
662 2076 716 2126 etsi
734 2075 856 2125 maiores

55 2160 142 2196 naves
151 2145 304 2196 subductae
315 2144 431 2208 fuerint,
443 2143 564 2194 habeant
575 2159 636 2193 cum
647 2143 806 2195 laxamento
817 2141 856 2192 ibi

56 2212 282 2263 collocationem.

108 2278 186 2340 Quae
201 2279 362 2330 necessaria
373 2278 409 2329 ad
422 2279 570 2329 utilitatem
585 2278 613 2327 in
632 2277 792 2329 civitatibus
810 2293 857 2343 pu-

55 2346 193 2397 blicorum
203 2346 329 2397 locorum
339 2361 503 2396 succurrere
514 2344 582 2396 mihi
591 2351 755 2412 potuerunt,
767 2359 857 2410 quem-

56 2413 204 2465 admodum
215 2414 419 2464 constituantur
429 2419 458 2464 ct
466 2413 658 2480 perficiantur,
671 2413 701 2461 in
715 2411 769 2462 hoc
782 2411 858 2460 volu-

55 2480 130 2532 mine
142 2481 253 2547 scripsi:
270 2480 441 2547 privatorum
451 2486 543 2530 autem
554 2479 746 2531 aedificiorum
756 2477 858 2528 utilita-

54 2553 99 2599 tes
111 2555 140 2666 ηιξ
150 2563 247 2599 eorum
257 2548 433 2615 symmetrias
442 2548 472 2598 in
482 2547 611 2615 sequenti
621 2546 763 2597 volumine
775 2544 848 2595 ratio

55 2629 119 2666 cma
139 2630 180 2668 or.

376 2723 542 2742 *-

606 2817 661 2873 lla
