2054 3090
305 258 435 312 LIBER
452 259 535 312 Vlll.
564 257 714 313 cnP.v1.
863 260 907 310 183

109 364 257 414 ditionem:
277 363 352 429 quod
366 363 391 413 si
405 369 488 430 caput
497 361 600 414 habeat
609 361 774 413 libramenta
785 361 819 411 ad
833 377 907 412 moe-

108 433 167 493 nia,
182 436 348 499 montesque
358 431 445 481 medii
454 446 510 482 non
519 429 625 482 fuerint
633 429 749 481 altiores
759 434 790 480 ut
800 430 910 496 possint

108 496 302 565 interpellare,
323 499 365 549 sic
383 499 531 551 intervalla
549 511 665 550 necesse
686 503 730 550 est
749 497 909 548 substruere

110 567 146 617 ad
162 566 339 629 libramenta,
370 566 583 619 uemadmodum
595 566 702 618 inritis
717 564 909 618 etcanalibus:

110 635 154 684 sin
165 640 257 684 autem
268 671 275 684 .
285 671 291 684 .
303 671 309 684 .
323 581 376 702 [effi
388 649 443 685 non
453 634 539 704 longa
549 635 604 686 erit
610 634 780 696 circumitio,
796 633 910 683 circum-

111 700 302 753 ductionibus:
322 701 365 751 sin
384 708 477 753 autem
492 701 580 754 valles
598 709 679 754 erunt
698 706 863 768 perpetuae,
882 700 910 748 in

110 768 251 821 declinato
271 769 335 819 loco
356 784 454 821 cursus
473 770 641 838 dirigentur3
666 785 727 821 cum
749 767 858 818 venerit
877 765 911 817 ad

109 837 205 899 imum,
216 850 271 887 non
282 835 338 887 alte
348 836 526 901 substruitur,
536 841 568 889 ut
578 837 617 888 sit
624 835 820 887 libramentum
830 849 911 901 quam

109 903 317 971 longissimumz
338 903 393 955 hoc
407 912 500 957 autem
518 904 573 957 erit
588 909 699 968 venter,
720 901 795 971 quod
811 901 912 953 Graeci

110 971 252 1039 appellant
267 970 376 1023 noallac:
396 972 496 1024 deinde
511 987 573 1024 cum
591 971 700 1024 venerit
717 970 850 1022 adversus
864 969 911 1020 cli·

110 1055 187 1102 vum,
203 1054 239 1091 ex
250 1039 337 1107 longo
348 1041 439 1106 spatio
450 1041 555 1091 ventris
569 1040 671 1091 leniter
684 1036 815 1090 tumescit
829 1042 858 1089 et
867 1051 912 1089 ex-

110 1108 275 1175 primiturin
283 1106 458 1159 altitudinem
467 1108 567 1159 summi
576 1107 650 1158 clivi.
686 1105 711 1158 6.
731 1104 813 1167 Quod
822 1105 912 1156 sinon

110 1181 209 1225 venter
221 1175 250 1225 in
263 1174 382 1226 vallibus
396 1174 487 1226 lactus
499 1175 597 1238 luerit,
611 1189 663 1226 nee
677 1173 863 1226 substructum
878 1171 914 1223 ad

111 1243 210 1293 libram
221 1242 339 1307 factum,
349 1242 399 1294 sed
410 1243 554 1311 geniculus
566 1243 628 1306 erit,
639 1247 766 1308 erumpet
776 1245 804 1292 et
813 1238 913 1290 dissol-

114 1318 159 1361 vet
177 1311 331 1362 fistularum
352 1311 557 1362 commissuras.
592 1309 684 1361 Etiam
704 1310 733 1359 in
746 1314 842 1359 ventre
857 1307 913 1358 col-

113 1379 231 1429 luvioria
241 1385 305 1429 sunt
317 1377 458 1442 facienda,
493 1393 524 1429 er
538 1393 608 1446 quae
622 1378 664 1429 vis
678 1375 792 1445 spiritus
805 1375 913 1427 relaxe-

112 1457 166 1497 tur.
202 1447 244 1496 lta
256 1460 307 1513 per
325 1446 433 1498 listulas
452 1393 596 1516 pfumbeas
616 1461 716 1515 aquam
735 1443 783 1512 qui
802 1443 913 1506 ducent,

114 1515 156 1564 his
170 1513 324 1564 rationibus
339 1514 493 1566 bellissime
508 1520 641 1582 poterunt
654 1514 777 1575 efficere,
797 1510 872 1579 quod
886 1517 914 1561 et

114 1583 248 1632 decursus
259 1587 288 1632 et
298 1581 549 1634 circumductiones
561 1588 590 1634 et
598 1587 709 1634 ventres
721 1586 751 1632 et
764 1594 913 1646 expressus

115 1660 231 1716 possunt
242 1649 303 1700 lieri
313 1646 366 1700 hac
378 1651 500 1714 ratione,
515 1667 577 1702 eum
590 1647 732 1700 habebunt
746 1662 763 1698 a
776 1647 913 1715 capitibus

114 1717 148 1766 ad
162 1717 273 1766 moenia
286 1715 395 1784 lastigii
409 1717 582 1769 libramenta.
617 1717 643 1768 l.
661 1717 731 1767 ltem
748 1715 820 1765 inter
835 1720 913 1765 actus

114 1786 250 1834 ducentos
273 1798 328 1833 non
352 1790 396 1835 est
413 1785 513 1836 inutile
539 1785 655 1837 castella
674 1782 822 1844 collocari,
836 1787 868 1832 ut
889 1781 914 1832 si

114 1850 223 1917 quando
246 1850 343 1900 vitium
368 1852 469 1919 aliquis
489 1852 569 1904 locus
599 1851 712 1912 lecerit,
741 1866 796 1899 non
824 1855 914 1899 totum

114 1932 249 1984 omneque
261 1931 330 1982 opus
345 1919 544 1982 contundatur,
559 1925 588 1970 et
596 1919 626 1969 in
636 1918 735 1986 quibus
745 1916 816 1968 locis
827 1916 865 1968 sit
874 1915 914 1966 la-

115 1992 202 2046 ctum,
218 1983 328 2034 facilius
341 1985 506 2038 inveniatur.
543 1986 599 2039 Sed
610 2001 643 2037 ea
653 1985 770 2037 castella
783 1998 873 2051 neque
886 1985 914 2034 in

116 2053 235 2102 decursu
254 2065 343 2117 neque
359 2054 389 2102 in
402 2055 509 2105 ventris
524 2055 641 2121 planitie
656 2068 746 2120 neque
759 2052 789 2102 in
803 2066 912 2119 expres·

115 2119 240 2170 sionibus
263 2133 352 2184 neque
370 2122 481 2172 omnino
496 2122 525 2172 in
539 2120 725 2182 vallibus,sed
738 2121 767 2170 in
781 2126 915 2186 perpetua

117 2190 183 2237 liant
197 2186 374 2253 aequalitate.
410 2187 434 2239 8.
454 2187 503 2240 Sin
517 2195 609 2240 autem
621 2190 728 2240 minore
742 2195 852 2255 sumptu
866 2202 913 2238 vo-

117 2256 248 2306 luerimus
260 2269 358 2321 aquam
369 2254 484 2321 ducere,
499 2257 540 2308 sic
555 2257 609 2308 erit
619 2255 785 2307 faciendum.
822 2255 914 2306 Tubu-

116 2326 133 2374 li
144 2338 238 2373 crasso
250 2323 328 2373 corio
340 2336 374 2372 ne
385 2323 475 2375 minus
486 2324 636 2392 digitorum
647 2325 764 2375 duorum
773 2325 853 2386 fiant3
864 2322 914 2373 sed

116 2393 155 2441 uti
171 2389 197 2440 bi
213 2389 304 2441 tubuli
317 2404 352 2442 ex
364 2405 419 2441 una
431 2397 510 2458 parte
524 2392 580 2444 sint
593 2391 736 2459 lingulati,
757 2397 788 2442 ut
801 2391 872 2441 alius
887 2389 914 2439 in

116 2460 200 2508 alium
208 2459 278 2509 inire
292 2459 495 2527 convenireque
504 2460 627 2527 possint:
648 2464 813 2526 coagmenta
823 2463 915 2509 autem

116 2541 211 2576 eorum
223 2526 299 2576 calce
313 2526 375 2576 viva
390 2541 425 2578 ex
440 2527 503 2578 oleo
518 2527 635 2578 subacta
647 2534 712 2578 sunt
724 2524 872 2588 illinenda,
887 2529 916 2576 et

115 2594 144 2644 in
155 2593 387 2645 declinationibus
399 2593 559 2647 libramenti
572 2595 677 2647 ventris
687 2594 758 2660 lapis
770 2599 812 2644 est
823 2607 859 2644 ex
873 2606 916 2644 sa·

114 2675 151 2712 xo
167 2661 250 2712 rubro
258 2662 287 2711 in
298 2661 359 2728 ipso
395 2662 504 2713 eniculo
521 2662 717 2725 collocandus,
731 2661 811 2729 isque
824 2666 915 2728 perte-

115 2727 255 2792 rebratus,
269 2729 310 2780 uti
320 2743 355 2781 ex
368 2676 486 2781 decursu
495 2730 608 2782 tubulus
623 2729 790 2782 novissimus
805 2729 835 2781 ln
848 2728 916 2808 lapi·

117 2795 152 2849 de
163 2802 373 2866 coagmentetur
382 2803 411 2850 et
419 2797 523 2867 primus
535 2795 933 2869 [similiterlllbratlreutmsx
