<?xml version="1.0" encoding="UTF-8"?>
<!DOCTYPE html PUBLIC "-//W3C//DTD XHTML 1.0 Transitional//EN"
    "http://www.w3.org/TR/xhtml1/DTD/xhtml1-transitional.dtd">
<html xmlns="http://www.w3.org/1999/xhtml" xml:lang="en" lang="en">
 <head>
  <title>
</title>
<meta http-equiv="Content-Type" content="text/html;charset=utf-8" />
  <meta name='ocr-system' content='tesseract 3.04.00' />
  <meta name='ocr-capabilities' content='ocr_page ocr_carea ocr_par ocr_line ocrx_word'/>
</head>
<body>
  <div class='ocr_page' id='page_1' title='image "./dearchitectural00pollgoog_0039.png"; bbox 0 0 2054 3090; ppageno 0'>
   <div class='ocr_carea' id='block_1_1' title="bbox 109 217 714 269">
    <p class='ocr_par' dir='ltr' id='par_1_1' title="bbox 109 217 714 269">
     <span class='ocr_line' id='line_1_1' title="bbox 109 217 714 269; baseline -0.005 0"><span class='ocrx_word' id='word_1_1' title='bbox 109 217 143 269; x_wconf 76' lang='lat'>34</span> <span class='ocrx_word' id='word_1_2' title='bbox 314 218 368 269; x_wconf 83' lang='lat' dir='ltr'>DE</span> <span class='ocrx_word' id='word_1_3' title='bbox 394 217 714 269; x_wconf 74' lang='lat' dir='ltr'>ARCHITECTURA</span> 
     </span>
    </p>
   </div>
   <div class='ocr_carea' id='block_1_2' title="bbox 108 319 916 721">
    <p class='ocr_par' dir='ltr' id='par_1_2' title="bbox 108 319 916 721">
     <span class='ocr_line' id='line_1_2' title="bbox 111 319 916 386; baseline -0.004 -16"><span class='ocrx_word' id='word_1_4' title='bbox 111 321 267 382; x_wconf 89' lang='lat' dir='ltr'>videantur,</span> <span class='ocrx_word' id='word_1_5' title='bbox 283 326 312 370; x_wconf 91' lang='lat' dir='ltr'>et</span> <span class='ocrx_word' id='word_1_6' title='bbox 325 335 375 370; x_wconf 87' lang='lat' dir='ltr'>eae</span> <span class='ocrx_word' id='word_1_7' title='bbox 385 321 414 370; x_wconf 90' lang='lat' dir='ltr'>in</span> <span class='ocrx_word' id='word_1_8' title='bbox 423 320 540 370; x_wconf 79' lang='lat' dir='ltr'>infinitis</span> <span class='ocrx_word' id='word_1_9' title='bbox 551 319 701 386; x_wconf 86' lang='lat' dir='ltr'>generibus</span> <span class='ocrx_word' id='word_1_10' title='bbox 710 332 804 368; x_wconf 92' lang='lat' dir='ltr'>rerum</span> <span class='ocrx_word' id='word_1_11' title='bbox 815 321 916 367; x_wconf 84' lang='lat' dir='ltr'>natura</span> 
     </span>
     <span class='ocr_line' id='line_1_3' title="bbox 109 381 916 453; baseline -0.005 -15"><span class='ocrx_word' id='word_1_12' title='bbox 109 394 204 439; x_wconf 81' lang='lat' dir='ltr'><strong>essent</strong></span> <span class='ocrx_word' id='word_1_13' title='bbox 214 387 385 452; x_wconf 83' lang='lat' dir='ltr'>disparatae,</span> <span class='ocrx_word' id='word_1_14' title='bbox 397 388 493 453; x_wconf 82' lang='lat' dir='ltr'>putavi</span> <span class='ocrx_word' id='word_1_15' title='bbox 504 393 634 452; x_wconf 80' lang='lat' dir='ltr'>oportere</span> <span class='ocrx_word' id='word_1_16' title='bbox 647 387 681 436; x_wconf 89' lang='lat' dir='ltr'>de</span> <span class='ocrx_word' id='word_1_17' title='bbox 691 381 875 436; x_wconf 78' lang='lat' dir='ltr'>varietatibus</span> <span class='ocrx_word' id='word_1_18' title='bbox 887 390 916 434; x_wconf 91' lang='lat' dir='ltr'>et</span> 
     </span>
     <span class='ocr_line' id='line_1_4' title="bbox 109 451 914 521; baseline -0.002 -17"><span class='ocrx_word' id='word_1_19' title='bbox 109 455 314 505; x_wconf 82' lang='lat' dir='ltr'><strong>discriminibus</strong></span> <span class='ocrx_word' id='word_1_20' title='bbox 325 471 391 504; x_wconf 87' lang='lat' dir='ltr'>usus</span> <span class='ocrx_word' id='word_1_21' title='bbox 403 469 509 517; x_wconf 86' lang='lat' dir='ltr'>earum,</span> <span class='ocrx_word' id='word_1_22' title='bbox 521 468 645 521; x_wconf 90' lang='lat' dir='ltr'>quasque</span> <span class='ocrx_word' id='word_1_23' title='bbox 657 451 829 503; x_wconf 89' lang='lat' dir='ltr'>haberentin</span> <span class='ocrx_word' id='word_1_24' title='bbox 839 451 914 502; x_wconf 88' lang='lat' dir='ltr'>aedi-</span> 
     </span>
     <span class='ocr_line' id='line_1_5' title="bbox 108 519 914 587; baseline -0.004 -16"><span class='ocrx_word' id='word_1_25' title='bbox 108 523 179 571; x_wconf 85' lang='lat' dir='ltr'>liciis</span> <span class='ocrx_word' id='word_1_26' title='bbox 191 521 348 587; x_wconf 88' lang='lat' dir='ltr'>qualitates,</span> <span class='ocrx_word' id='word_1_27' title='bbox 358 535 508 587; x_wconf 88' lang='lat' dir='ltr'>exponere,</span> <span class='ocrx_word' id='word_1_28' title='bbox 517 521 568 583; x_wconf 87' lang='lat' dir='ltr'>uti,</span> <span class='ocrx_word' id='word_1_29' title='bbox 577 535 639 570; x_wconf 89' lang='lat' dir='ltr'>cum</span> <span class='ocrx_word' id='word_1_30' title='bbox 647 519 752 570; x_wconf 88' lang='lat' dir='ltr'>fuerint</span> <span class='ocrx_word' id='word_1_31' title='bbox 761 525 914 581; x_wconf 89' lang='lat' dir='ltr'>notae,non</span> 
     </span>
     <span class='ocr_line' id='line_1_6' title="bbox 109 586 914 655; baseline -0.002 -17"><span class='ocrx_word' id='word_1_32' title='bbox 109 588 230 639; x_wconf 85' lang='lat' dir='ltr'>habeant</span> <span class='ocrx_word' id='word_1_33' title='bbox 243 589 289 654; x_wconf 90' lang='lat' dir='ltr'>qui</span> <span class='ocrx_word' id='word_1_34' title='bbox 304 589 452 638; x_wconf 84' lang='lat' dir='ltr'>aedificare</span> <span class='ocrx_word' id='word_1_35' title='bbox 464 588 603 655; x_wconf 84' lang='lat' dir='ltr'>cogitant,</span> <span class='ocrx_word' id='word_1_36' title='bbox 617 602 754 650; x_wconf 88' lang='lat' dir='ltr'>errorem,</span> <span class='ocrx_word' id='word_1_37' title='bbox 770 586 820 637; x_wconf 83' lang='lat' dir='ltr'>sod</span> <span class='ocrx_word' id='word_1_38' title='bbox 834 593 914 652; x_wconf 87' lang='lat' dir='ltr'>aptas</span> 
     </span>
     <span class='ocr_line' id='line_1_7' title="bbox 109 656 668 721; baseline 0.002 -16"><span class='ocrx_word' id='word_1_39' title='bbox 109 656 143 706; x_wconf 91' lang='lat' dir='ltr'>ad</span> <span class='ocrx_word' id='word_1_40' title='bbox 155 671 234 707; x_wconf 90' lang='lat' dir='ltr'>usum</span> <span class='ocrx_word' id='word_1_41' title='bbox 245 656 339 721; x_wconf 88' lang='lat' dir='ltr'>copias</span> <span class='ocrx_word' id='word_1_42' title='bbox 351 656 487 706; x_wconf 88' lang='lat' dir='ltr'>aedificiis</span> <span class='ocrx_word' id='word_1_43' title='bbox 499 663 668 721; x_wconf 86' lang='lat' dir='ltr'>comparent.</span> 
     </span>
    </p>
   </div>
   <div class='ocr_carea' id='block_1_3' title="bbox 339 755 653 891">
    <p class='ocr_par' dir='ltr' id='par_1_3' title="bbox 339 755 653 891">
     <span class='ocr_line' id='line_1_8' title="bbox 404 755 619 808; baseline 0.005 -2"><span class='ocrx_word' id='word_1_44' title='bbox 404 756 538 808; x_wconf 78' lang='lat' dir='ltr'><strong>CAPUT</strong></span> <span class='ocrx_word' id='word_1_45' title='bbox 564 755 619 807; x_wconf 88' lang='lat'>111.</span> 
     </span>
     <span class='ocr_line' id='line_1_9' title="bbox 339 838 653 891; baseline 0.003 -2"><span class='ocrx_word' id='word_1_46' title='bbox 339 838 415 891; x_wconf 85' lang='lat' dir='ltr'>.De</span> <span class='ocrx_word' id='word_1_47' title='bbox 446 839 653 891; x_wconf 77' lang='lat' dir='ltr'>lateribus.</span> 
     </span>
    </p>
   </div>
   <div class='ocr_carea' id='block_1_4' title="bbox 109 923 917 2402">
    <p class='ocr_par' dir='ltr' id='par_1_4' title="bbox 109 923 917 2402">
     <span class='ocr_line' id='line_1_10' title="bbox 160 923 915 991; baseline 0.001 -17"><span class='ocrx_word' id='word_1_48' title='bbox 160 924 256 990; x_wconf 89' lang='lat' dir='ltr'>ltaque</span> <span class='ocrx_word' id='word_1_49' title='bbox 263 924 380 989; x_wconf 91' lang='lat' dir='ltr'>primum</span> <span class='ocrx_word' id='word_1_50' title='bbox 392 925 426 974; x_wconf 93' lang='lat' dir='ltr'>de</span> <span class='ocrx_word' id='word_1_51' title='bbox 437 924 581 986; x_wconf 86' lang='lat' dir='ltr'>lateribus,</span> <span class='ocrx_word' id='word_1_52' title='bbox 595 924 693 991; x_wconf 85' lang='lat' dir='ltr'>quade</span> <span class='ocrx_word' id='word_1_53' title='bbox 704 930 780 975; x_wconf 90' lang='lat' dir='ltr'>terra</span> <span class='ocrx_word' id='word_1_54' title='bbox 790 923 855 974; x_wconf 90' lang='lat' dir='ltr'>duci</span> <span class='ocrx_word' id='word_1_55' title='bbox 865 938 915 975; x_wconf 89' lang='lat' dir='ltr'>eos</span> 
     </span>
     <span class='ocr_line' id='line_1_11' title="bbox 112 991 915 1058; baseline -0.001 -16"><span class='ocrx_word' id='word_1_56' title='bbox 112 997 252 1058; x_wconf 79' lang='lat' dir='ltr'>oporteat,</span> <span class='ocrx_word' id='word_1_57' title='bbox 272 992 370 1042; x_wconf 89' lang='lat' dir='ltr'>dicam.</span> <span class='ocrx_word' id='word_1_58' title='bbox 406 991 469 1041; x_wconf 93' lang='lat' dir='ltr'>Non</span> <span class='ocrx_word' id='word_1_59' title='bbox 484 992 557 1041; x_wconf 91' lang='lat' dir='ltr'>enim</span> <span class='ocrx_word' id='word_1_60' title='bbox 573 992 607 1042; x_wconf 89' lang='lat' dir='ltr'>de</span> <span class='ocrx_word' id='word_1_61' title='bbox 623 1006 742 1042; x_wconf 89' lang='lat' dir='ltr'>arenoso</span> <span class='ocrx_word' id='word_1_62' title='bbox 757 1005 847 1057; x_wconf 90' lang='lat' dir='ltr'>neque</span> <span class='ocrx_word' id='word_1_63' title='bbox 860 991 915 1042; x_wconf 91' lang='lat' dir='ltr'>cal-</span> 
     </span>
     <span class='ocr_line' id='line_1_12' title="bbox 111 1058 916 1125; baseline -0.001 -15"><span class='ocrx_word' id='word_1_64' title='bbox 111 1061 208 1110; x_wconf 92' lang='lat' dir='ltr'>culoso</span> <span class='ocrx_word' id='word_1_65' title='bbox 227 1072 318 1125; x_wconf 92' lang='lat' dir='ltr'>neque</span> <span class='ocrx_word' id='word_1_66' title='bbox 337 1058 469 1109; x_wconf 87' lang='lat' dir='ltr'>sabuloso</span> <span class='ocrx_word' id='word_1_67' title='bbox 485 1059 544 1109; x_wconf 92' lang='lat' dir='ltr'>luto</span> <span class='ocrx_word' id='word_1_68' title='bbox 560 1065 624 1109; x_wconf 93' lang='lat' dir='ltr'>sunt</span> <span class='ocrx_word' id='word_1_69' title='bbox 640 1058 771 1122; x_wconf 89' lang='lat' dir='ltr'>ducendi;</span> <span class='ocrx_word' id='word_1_70' title='bbox 791 1059 867 1125; x_wconf 91' lang='lat' dir='ltr'>quod</span> <span class='ocrx_word' id='word_1_71' title='bbox 881 1073 916 1109; x_wconf 86' lang='lat' dir='ltr'>ex</span> 
     </span>
     <span class='ocr_line' id='line_1_13' title="bbox 111 1126 914 1194; baseline -0.001 -17"><span class='ocrx_word' id='word_1_72' title='bbox 111 1127 158 1180; x_wconf 66' lang='lat' dir='ltr'>bis⁴</span> <span class='ocrx_word' id='word_1_73' title='bbox 168 1126 317 1194; x_wconf 86' lang='lat' dir='ltr'>generibus</span> <span class='ocrx_word' id='word_1_74' title='bbox 332 1141 393 1176; x_wconf 94' lang='lat' dir='ltr'>cum</span> <span class='ocrx_word' id='word_1_75' title='bbox 407 1133 471 1176; x_wconf 90' lang='lat' dir='ltr'>sunt</span> <span class='ocrx_word' id='word_1_76' title='bbox 485 1127 573 1187; x_wconf 89' lang='lat' dir='ltr'>ducti,</span> <span class='ocrx_word' id='word_1_77' title='bbox 587 1127 704 1191; x_wconf 91' lang='lat' dir='ltr'>primum</span> <span class='ocrx_word' id='word_1_78' title='bbox 718 1127 787 1176; x_wconf 89' lang='lat' dir='ltr'>fiunt</span> <span class='ocrx_word' id='word_1_79' title='bbox 802 1140 914 1192; x_wconf 66' lang='lat' dir='ltr'>gravem</span> 
     </span>
     <span class='ocr_line' id='line_1_14' title="bbox 111 1192 914 1260; baseline -0.004 -15"><span class='ocrx_word' id='word_1_80' title='bbox 111 1195 224 1257; x_wconf 90' lang='lat' dir='ltr'>deinde,</span> <span class='ocrx_word' id='word_1_81' title='bbox 243 1209 305 1244; x_wconf 94' lang='lat' dir='ltr'>cum</span> <span class='ocrx_word' id='word_1_82' title='bbox 322 1194 356 1244; x_wconf 87' lang='lat' dir='ltr'>ab</span> <span class='ocrx_word' id='word_1_83' title='bbox 374 1193 511 1244; x_wconf 77' lang='lat' dir='ltr'><strong>imbribus</strong></span> <span class='ocrx_word' id='word_1_84' title='bbox 525 1194 553 1243; x_wconf 90' lang='lat' dir='ltr'>in</span> <span class='ocrx_word' id='word_1_85' title='bbox 570 1192 723 1259; x_wconf 88' lang='lat' dir='ltr'>parietibus</span> <span class='ocrx_word' id='word_1_86' title='bbox 737 1199 914 1260; x_wconf 81' lang='lat' dir='ltr'>sparguntur,</span> 
     </span>
     <span class='ocr_line' id='line_1_15' title="bbox 111 1259 915 1327; baseline -0.002 -15"><span class='ocrx_word' id='word_1_87' title='bbox 111 1262 271 1312; x_wconf 87' lang='lat' dir='ltr'>dilabuntur</span> <span class='ocrx_word' id='word_1_88' title='bbox 288 1266 316 1311; x_wconf 88' lang='lat' dir='ltr'>et</span> <span class='ocrx_word' id='word_1_89' title='bbox 326 1261 528 1323; x_wconf 87' lang='lat' dir='ltr'>dissolvuntur,</span> <span class='ocrx_word' id='word_1_90' title='bbox 543 1260 697 1327; x_wconf 86' lang='lat' dir='ltr'>paleaeque</span> <span class='ocrx_word' id='word_1_91' title='bbox 706 1261 735 1310; x_wconf 91' lang='lat' dir='ltr'>in</span> <span class='ocrx_word' id='word_1_92' title='bbox 746 1259 788 1310; x_wconf 91' lang='lat' dir='ltr'>bis</span> <span class='ocrx_word' id='word_1_93' title='bbox 799 1275 855 1310; x_wconf 93' lang='lat' dir='ltr'>non</span> <span class='ocrx_word' id='word_1_94' title='bbox 869 1275 915 1311; x_wconf 91' lang='lat' dir='ltr'>co-</span> 
     </span>
     <span class='ocr_line' id='line_1_16' title="bbox 109 1327 917 1394; baseline -0.001 -15"><span class='ocrx_word' id='word_1_95' title='bbox 109 1327 276 1379; x_wconf 87' lang='lat' dir='ltr'>haerescunt</span> <span class='ocrx_word' id='word_1_96' title='bbox 284 1328 593 1394; x_wconf 82' lang='lat' dir='ltr'>propterasperitatem.</span> <span class='ocrx_word' id='word_1_97' title='bbox 609 1327 743 1378; x_wconf 88' lang='lat' dir='ltr'>Faciendi</span> <span class='ocrx_word' id='word_1_98' title='bbox 752 1332 843 1378; x_wconf 88' lang='lat' dir='ltr'>autem</span> <span class='ocrx_word' id='word_1_99' title='bbox 852 1334 917 1378; x_wconf 90' lang='lat' dir='ltr'>sunt</span> 
     </span>
     <span class='ocr_line' id='line_1_17' title="bbox 111 1394 915 1458; baseline -0.002 -11"><span class='ocrx_word' id='word_1_100' title='bbox 111 1412 147 1447; x_wconf 84' lang='lat' dir='ltr'>ex</span> <span class='ocrx_word' id='word_1_101' title='bbox 163 1402 240 1446; x_wconf 88' lang='lat' dir='ltr'>terra</span> <span class='ocrx_word' id='word_1_102' title='bbox 258 1395 351 1445; x_wconf 82' lang='lat' dir='ltr'>albida</span> <span class='ocrx_word' id='word_1_103' title='bbox 364 1402 488 1456; x_wconf 86' lang='lat' dir='ltr'>cretosa,</span> <span class='ocrx_word' id='word_1_104' title='bbox 507 1396 566 1445; x_wconf 85' lang='lat' dir='ltr'>sive</span> <span class='ocrx_word' id='word_1_105' title='bbox 580 1395 614 1445; x_wconf 89' lang='lat' dir='ltr'>de</span> <span class='ocrx_word' id='word_1_106' title='bbox 627 1394 751 1458; x_wconf 86' lang='lat' dir='ltr'><strong>rubrica,</strong></span> <span class='ocrx_word' id='word_1_107' title='bbox 771 1395 915 1445; x_wconf 86' lang='lat' dir='ltr'>autetiam</span> 
     </span>
     <span class='ocr_line' id='line_1_18' title="bbox 110 1461 915 1529; baseline -0.002 -16"><span class='ocrx_word' id='word_1_108' title='bbox 110 1462 234 1514; x_wconf 87' lang='lat' dir='ltr'>masculo</span> <span class='ocrx_word' id='word_1_109' title='bbox 249 1462 392 1512; x_wconf 76' lang='lat' dir='ltr'>sabulone.</span> <span class='ocrx_word' id='word_1_110' title='bbox 429 1462 508 1512; x_wconf 88' lang='lat' dir='ltr'>Haec</span> <span class='ocrx_word' id='word_1_111' title='bbox 522 1463 594 1513; x_wconf 88' lang='lat' dir='ltr'>enim</span> <span class='ocrx_word' id='word_1_112' title='bbox 606 1477 711 1529; x_wconf 84' lang='lat' dir='ltr'>genera</span> <span class='ocrx_word' id='word_1_113' title='bbox 720 1467 835 1528; x_wconf 85' lang='lat' dir='ltr'>propter</span> <span class='ocrx_word' id='word_1_114' title='bbox 848 1461 915 1512; x_wconf 86' lang='lat' dir='ltr'>leri-</span> 
     </span>
     <span class='ocr_line' id='line_1_19' title="bbox 110 1527 910 1596; baseline -0.003 -15"><span class='ocrx_word' id='word_1_115' title='bbox 110 1537 197 1582; x_wconf 86' lang='lat' dir='ltr'>tatem</span> <span class='ocrx_word' id='word_1_116' title='bbox 211 1527 315 1579; x_wconf 90' lang='lat' dir='ltr'>habent</span> <span class='ocrx_word' id='word_1_117' title='bbox 330 1530 489 1579; x_wconf 87' lang='lat' dir='ltr'>firmitatem</span> <span class='ocrx_word' id='word_1_118' title='bbox 501 1536 530 1579; x_wconf 91' lang='lat' dir='ltr'>et</span> <span class='ocrx_word' id='word_1_119' title='bbox 538 1544 594 1580; x_wconf 95' lang='lat' dir='ltr'>non</span> <span class='ocrx_word' id='word_1_120' title='bbox 604 1530 704 1580; x_wconf 92' lang='lat' dir='ltr'>suntin</span> <span class='ocrx_word' id='word_1_121' title='bbox 715 1544 800 1596; x_wconf 92' lang='lat' dir='ltr'>opere</span> <span class='ocrx_word' id='word_1_122' title='bbox 810 1529 910 1596; x_wconf 79' lang='lat' dir='ltr'>ponde</span> 
     </span>
     <span class='ocr_line' id='line_1_20' title="bbox 110 1595 917 1663; baseline -0.001 -15"><span class='ocrx_word' id='word_1_123' title='bbox 110 1613 185 1659; x_wconf 91' lang='lat' dir='ltr'>rosa,</span> <span class='ocrx_word' id='word_1_124' title='bbox 198 1603 226 1647; x_wconf 90' lang='lat' dir='ltr'>et</span> <span class='ocrx_word' id='word_1_125' title='bbox 235 1595 357 1646; x_wconf 83' lang='lat' dir='ltr'>faciliter</span> <span class='ocrx_word' id='word_1_126' title='bbox 367 1602 545 1663; x_wconf 80' lang='lat' dir='ltr'>aggeruntur.</span> <span class='ocrx_word' id='word_1_127' title='bbox 571 1599 595 1647; x_wconf 79' lang='lat'>2.</span> <span class='ocrx_word' id='word_1_128' title='bbox 610 1596 738 1647; x_wconf 90' lang='lat' dir='ltr'>Ducendi</span> <span class='ocrx_word' id='word_1_129' title='bbox 749 1603 841 1647; x_wconf 90' lang='lat' dir='ltr'>autem</span> <span class='ocrx_word' id='word_1_130' title='bbox 852 1607 917 1648; x_wconf 87' lang='lat' dir='ltr'>suut</span> 
     </span>
     <span class='ocr_line' id='line_1_21' title="bbox 110 1663 916 1732; baseline 0 -17"><span class='ocrx_word' id='word_1_131' title='bbox 110 1680 160 1732; x_wconf 92' lang='lat' dir='ltr'>per</span> <span class='ocrx_word' id='word_1_132' title='bbox 171 1680 283 1714; x_wconf 82' lang='lat' dir='ltr'>vernum</span> <span class='ocrx_word' id='word_1_133' title='bbox 294 1670 402 1729; x_wconf 89' lang='lat' dir='ltr'>tempus</span> <span class='ocrx_word' id='word_1_134' title='bbox 413 1670 442 1714; x_wconf 87' lang='lat' dir='ltr'>et</span> <span class='ocrx_word' id='word_1_135' title='bbox 453 1663 624 1725; x_wconf 84' lang='lat' dir='ltr'>autumnale,</span> <span class='ocrx_word' id='word_1_136' title='bbox 639 1671 670 1714; x_wconf 92' lang='lat' dir='ltr'>ut</span> <span class='ocrx_word' id='word_1_137' title='bbox 683 1679 738 1714; x_wconf 91' lang='lat' dir='ltr'>uno</span> <span class='ocrx_word' id='word_1_138' title='bbox 753 1670 851 1714; x_wconf 92' lang='lat' dir='ltr'>tenore</span> <span class='ocrx_word' id='word_1_139' title='bbox 863 1665 916 1715; x_wconf 90' lang='lat' dir='ltr'>sic·</span> 
     </span>
     <span class='ocr_line' id='line_1_22' title="bbox 110 1729 915 1798; baseline -0.001 -14"><span class='ocrx_word' id='word_1_140' title='bbox 110 1738 234 1784; x_wconf 87' lang='lat' dir='ltr'>cescant:</span> <span class='ocrx_word' id='word_1_141' title='bbox 246 1733 293 1798; x_wconf 91' lang='lat' dir='ltr'>qui</span> <span class='ocrx_word' id='word_1_142' title='bbox 304 1732 377 1781; x_wconf 91' lang='lat' dir='ltr'>enim</span> <span class='ocrx_word' id='word_1_143' title='bbox 387 1746 437 1796; x_wconf 89' lang='lat' dir='ltr'>per</span> <span class='ocrx_word' id='word_1_144' title='bbox 446 1731 597 1782; x_wconf 71' lang='lat' dir='ltr'>solstitium</span> <span class='ocrx_word' id='word_1_145' title='bbox 607 1729 822 1797; x_wconf 80' lang='lat' dir='ltr'>parantur,&#39;ideo</span> <span class='ocrx_word' id='word_1_146' title='bbox 835 1732 915 1783; x_wconf 91' lang='lat' dir='ltr'>vitio·</span> 
     </span>
     <span class='ocr_line' id='line_1_23' title="bbox 110 1798 915 1865; baseline -0.001 -15"><span class='ocrx_word' id='word_1_147' title='bbox 110 1801 135 1851; x_wconf 88' lang='lat' dir='ltr'>si</span> <span class='ocrx_word' id='word_1_148' title='bbox 145 1801 222 1862; x_wconf 80' lang='lat' dir='ltr'>fiunt,</span> <span class='ocrx_word' id='word_1_149' title='bbox 234 1799 307 1865; x_wconf 90' lang='lat' dir='ltr'>quod</span> <span class='ocrx_word' id='word_1_150' title='bbox 319 1814 452 1848; x_wconf 88' lang='lat' dir='ltr'>summum</span> <span class='ocrx_word' id='word_1_151' title='bbox 463 1798 569 1849; x_wconf 89' lang='lat' dir='ltr'>corium</span> <span class='ocrx_word' id='word_1_152' title='bbox 579 1798 625 1849; x_wconf 94' lang='lat' dir='ltr'>sol</span> <span class='ocrx_word' id='word_1_153' title='bbox 634 1799 736 1849; x_wconf 92' lang='lat' dir='ltr'>acriter</span> <span class='ocrx_word' id='word_1_154' title='bbox 747 1814 807 1849; x_wconf 92' lang='lat' dir='ltr'>cum</span> <span class='ocrx_word' id='word_1_155' title='bbox 817 1813 915 1864; x_wconf 91' lang='lat' dir='ltr'>perco-</span> 
     </span>
     <span class='ocr_line' id='line_1_24' title="bbox 112 1863 914 1935; baseline -0.002 -16"><span class='ocrx_word' id='word_1_156' title='bbox 112 1869 179 1935; x_wconf 90' lang='lat' dir='ltr'>quit,</span> <span class='ocrx_word' id='word_1_157' title='bbox 190 1867 275 1917; x_wconf 90' lang='lat' dir='ltr'>efficit</span> <span class='ocrx_word' id='word_1_158' title='bbox 282 1872 312 1917; x_wconf 90' lang='lat' dir='ltr'>ut</span> <span class='ocrx_word' id='word_1_159' title='bbox 319 1866 465 1917; x_wconf 87' lang='lat' dir='ltr'>videantur</span> <span class='ocrx_word' id='word_1_160' title='bbox 473 1865 553 1928; x_wconf 89' lang='lat' dir='ltr'>aridi,</span> <span class='ocrx_word' id='word_1_161' title='bbox 562 1866 682 1916; x_wconf 89' lang='lat' dir='ltr'>interior</span> <span class='ocrx_word' id='word_1_162' title='bbox 690 1872 782 1916; x_wconf 85' lang='lat' dir='ltr'>autem</span> <span class='ocrx_word' id='word_1_163' title='bbox 791 1863 914 1929; x_wconf 91' lang='lat' dir='ltr'>(humor)</span> 
     </span>
     <span class='ocr_line' id='line_1_25' title="bbox 112 1931 916 1998; baseline -0.004 -12"><span class='ocrx_word' id='word_1_164' title='bbox 112 1937 149 1986; x_wconf 86' lang='lat' dir='ltr'>sit</span> <span class='ocrx_word' id='word_1_165' title='bbox 162 1951 217 1985; x_wconf 93' lang='lat' dir='ltr'>non</span> <span class='ocrx_word' id='word_1_166' title='bbox 231 1935 334 1995; x_wconf 88' lang='lat' dir='ltr'>siccus,</span> <span class='ocrx_word' id='word_1_167' title='bbox 350 1940 449 1984; x_wconf 90' lang='lat' dir='ltr'>etcum</span> <span class='ocrx_word' id='word_1_168' title='bbox 462 1938 562 1998; x_wconf 90' lang='lat' dir='ltr'>postea</span> <span class='ocrx_word' id='word_1_169' title='bbox 575 1933 755 1984; x_wconf 91' lang='lat' dir='ltr'>siccescendo</span> <span class='ocrx_word' id='word_1_170' title='bbox 774 1931 916 1984; x_wconf 88' lang='lat' dir='ltr'>contrabit</span> 
     </span>
     <span class='ocr_line' id='line_1_26' title="bbox 112 1998 915 2069; baseline -0.005 -15"><span class='ocrx_word' id='word_1_171' title='bbox 112 2009 141 2054; x_wconf 84' lang='lat' dir='ltr'>et</span> <span class='ocrx_word' id='word_1_172' title='bbox 149 2002 303 2069; x_wconf 87' lang='lat' dir='ltr'>perrumpit</span> <span class='ocrx_word' id='word_1_173' title='bbox 311 2015 353 2062; x_wconf 86' lang='lat' dir='ltr'>ea,</span> <span class='ocrx_word' id='word_1_174' title='bbox 360 2015 430 2067; x_wconf 91' lang='lat' dir='ltr'>quae</span> <span class='ocrx_word' id='word_1_175' title='bbox 441 2006 521 2050; x_wconf 90' lang='lat' dir='ltr'>erant</span> <span class='ocrx_word' id='word_1_176' title='bbox 531 1999 618 2062; x_wconf 89' lang='lat' dir='ltr'>arida,</span> <span class='ocrx_word' id='word_1_177' title='bbox 629 2001 669 2050; x_wconf 89' lang='lat' dir='ltr'>ita</span> <span class='ocrx_word' id='word_1_178' title='bbox 676 2001 773 2051; x_wconf 88' lang='lat' dir='ltr'>rimosi</span> <span class='ocrx_word' id='word_1_179' title='bbox 781 1998 849 2050; x_wconf 86' lang='lat' dir='ltr'>facti</span> <span class='ocrx_word' id='word_1_180' title='bbox 859 2001 915 2050; x_wconf 86' lang='lat' dir='ltr'>elli-</span> 
     </span>
     <span class='ocr_line' id='line_1_27' title="bbox 112 2067 915 2129; baseline -0.004 -9"><span class='ocrx_word' id='word_1_181' title='bbox 112 2071 221 2120; x_wconf 90' lang='lat' dir='ltr'>ciuntur</span> <span class='ocrx_word' id='word_1_182' title='bbox 230 2068 374 2119; x_wconf 82' lang='lat' dir='ltr'>imbecilli.</span> <span class='ocrx_word' id='word_1_183' title='bbox 409 2067 531 2118; x_wconf 87' lang='lat' dir='ltr'>Maxime</span> <span class='ocrx_word' id='word_1_184' title='bbox 542 2073 634 2118; x_wconf 88' lang='lat' dir='ltr'>autem</span> <span class='ocrx_word' id='word_1_185' title='bbox 644 2067 773 2119; x_wconf 84' lang='lat' dir='ltr'>utiliores</span> <span class='ocrx_word' id='word_1_186' title='bbox 784 2073 878 2129; x_wconf 87' lang='lat' dir='ltr'>erunt,</span> <span class='ocrx_word' id='word_1_187' title='bbox 890 2068 915 2117; x_wconf 91' lang='lat' dir='ltr'>si</span> 
     </span>
     <span class='ocr_line' id='line_1_28' title="bbox 112 2134 915 2200; baseline -0.002 -13"><span class='ocrx_word' id='word_1_188' title='bbox 112 2144 175 2187; x_wconf 88' lang='lat' dir='ltr'>ante</span> <span class='ocrx_word' id='word_1_189' title='bbox 189 2137 330 2187; x_wconf 87' lang='lat' dir='ltr'>biennium</span> <span class='ocrx_word' id='word_1_190' title='bbox 345 2134 450 2185; x_wconf 88' lang='lat' dir='ltr'>fuerint</span> <span class='ocrx_word' id='word_1_191' title='bbox 464 2134 552 2198; x_wconf 89' lang='lat' dir='ltr'>ducti;</span> <span class='ocrx_word' id='word_1_192' title='bbox 571 2149 690 2200; x_wconf 89' lang='lat' dir='ltr'>namque</span> <span class='ocrx_word' id='word_1_193' title='bbox 703 2149 760 2185; x_wconf 89' lang='lat' dir='ltr'>non</span> <span class='ocrx_word' id='word_1_194' title='bbox 773 2139 836 2184; x_wconf 90' lang='lat' dir='ltr'>ante</span> <span class='ocrx_word' id='word_1_195' title='bbox 851 2149 915 2199; x_wconf 91' lang='lat' dir='ltr'>pos-</span> 
     </span>
     <span class='ocr_line' id='line_1_29' title="bbox 111 2200 915 2268; baseline -0.001 -15"><span class='ocrx_word' id='word_1_196' title='bbox 111 2209 176 2253; x_wconf 91' lang='lat' dir='ltr'>sunt</span> <span class='ocrx_word' id='word_1_197' title='bbox 185 2204 295 2268; x_wconf 90' lang='lat' dir='ltr'>penitus</span> <span class='ocrx_word' id='word_1_198' title='bbox 306 2202 471 2252; x_wconf 79' lang='lat' dir='ltr'>siccescere,</span> <span class='ocrx_word' id='word_1_199' title='bbox 505 2202 602 2268; x_wconf 91' lang='lat' dir='ltr'>ltaque</span> <span class='ocrx_word' id='word_1_200' title='bbox 613 2200 675 2253; x_wconf 88' lang='lat' dir='ltr'>cum</span> <span class='ocrx_word' id='word_1_201' title='bbox 682 2207 809 2253; x_wconf 85' lang='lat' dir='ltr'>recentes</span> <span class='ocrx_word' id='word_1_202' title='bbox 820 2207 850 2251; x_wconf 91' lang='lat' dir='ltr'>et</span> <span class='ocrx_word' id='word_1_203' title='bbox 859 2217 915 2252; x_wconf 90' lang='lat' dir='ltr'>nou</span> 
     </span>
     <span class='ocr_line' id='line_1_30' title="bbox 112 2268 915 2336; baseline 0 -17"><span class='ocrx_word' id='word_1_204' title='bbox 112 2270 183 2319; x_wconf 89' lang='lat' dir='ltr'>aridi</span> <span class='ocrx_word' id='word_1_205' title='bbox 194 2276 258 2319; x_wconf 89' lang='lat' dir='ltr'>sunt</span> <span class='ocrx_word' id='word_1_206' title='bbox 269 2270 380 2331; x_wconf 88' lang='lat' dir='ltr'>structi,</span> <span class='ocrx_word' id='word_1_207' title='bbox 394 2270 515 2320; x_wconf 89' lang='lat' dir='ltr'>tectorio</span> <span class='ocrx_word' id='word_1_208' title='bbox 527 2269 641 2320; x_wconf 90' lang='lat' dir='ltr'>inducto</span> <span class='ocrx_word' id='word_1_209' title='bbox 651 2268 797 2336; x_wconf 79' lang='lat' dir='ltr'>rigidoque</span> <span class='ocrx_word' id='word_1_210' title='bbox 811 2268 915 2319; x_wconf 91' lang='lat' dir='ltr'>obsoli-</span> 
     </span>
     <span class='ocr_line' id='line_1_31' title="bbox 112 2335 916 2402; baseline 0 -16"><span class='ocrx_word' id='word_1_211' title='bbox 112 2336 177 2387; x_wconf 88' lang='lat' dir='ltr'>dato</span> <span class='ocrx_word' id='word_1_212' title='bbox 193 2341 385 2402; x_wconf 87' lang='lat' dir='ltr'>permanente,</span> <span class='ocrx_word' id='word_1_213' title='bbox 406 2335 583 2387; x_wconf 87' lang='lat' dir='ltr'>subsidentes</span> <span class='ocrx_word' id='word_1_214' title='bbox 597 2351 653 2387; x_wconf 92' lang='lat' dir='ltr'>non</span> <span class='ocrx_word' id='word_1_215' title='bbox 667 2340 785 2402; x_wconf 90' lang='lat' dir='ltr'>possunt</span> <span class='ocrx_word' id='word_1_216' title='bbox 797 2336 916 2386; x_wconf 90' lang='lat' dir='ltr'>eandem</span> 
     </span>
    </p>
   </div>
   <div class='ocr_carea' id='block_1_5' title="bbox 112 2403 916 2519">
    <p class='ocr_par' dir='ltr' id='par_1_5' title="bbox 112 2403 916 2519">
     <span class='ocr_line' id='line_1_32' title="bbox 112 2403 916 2519; baseline -0.002 -65"><span class='ocrx_word' id='word_1_217' title='bbox 112 2403 298 2464; x_wconf 82' lang='lat' dir='ltr'>altitudinem,</span> <span class='ocrx_word' id='word_1_218' title='bbox 310 2418 364 2519; x_wconf 79' lang='lat' dir='ltr'>qua</span> <span class='ocrx_word' id='word_1_219' title='bbox 374 2409 417 2453; x_wconf 90' lang='lat' dir='ltr'>est</span> <span class='ocrx_word' id='word_1_220' title='bbox 426 2405 583 2465; x_wconf 86' lang='lat' dir='ltr'>tectorium,</span> <span class='ocrx_word' id='word_1_221' title='bbox 594 2409 700 2466; x_wconf 90' lang='lat' dir='ltr'>tenere,</span> <span class='ocrx_word' id='word_1_222' title='bbox 711 2403 916 2453; x_wconf 87' lang='lat' dir='ltr'>contractione-</span> 
     </span>
    </p>
   </div>
   <div class='ocr_carea' id='block_1_6' title="bbox 111 2470 917 2788">
    <p class='ocr_par' dir='ltr' id='par_1_6' title="bbox 111 2470 917 2788">
     <span class='ocr_line' id='line_1_33' title="bbox 112 2470 917 2537; baseline -0.001 -16"><span class='ocrx_word' id='word_1_223' title='bbox 112 2486 164 2537; x_wconf 90' lang='lat' dir='ltr'>que</span> <span class='ocrx_word' id='word_1_224' title='bbox 174 2471 243 2521; x_wconf 89' lang='lat' dir='ltr'>moti</span> <span class='ocrx_word' id='word_1_225' title='bbox 252 2486 307 2520; x_wconf 96' lang='lat' dir='ltr'>non</span> <span class='ocrx_word' id='word_1_226' title='bbox 336 2482 433 2520; x_wconf 90' lang='lat' dir='ltr'>acrent</span> <span class='ocrx_word' id='word_1_227' title='bbox 442 2486 503 2521; x_wconf 92' lang='lat' dir='ltr'>cum</span> <span class='ocrx_word' id='word_1_228' title='bbox 513 2470 613 2533; x_wconf 87' lang='lat' dir='ltr'>eo‚sed</span> <span class='ocrx_word' id='word_1_229' title='bbox 622 2485 638 2520; x_wconf 90' lang='lat' dir='ltr'>a</span> <span class='ocrx_word' id='word_1_230' title='bbox 647 2470 843 2521; x_wconf 87' lang='lat' dir='ltr'>coniunctione</span> <span class='ocrx_word' id='word_1_231' title='bbox 854 2471 917 2520; x_wconf 90' lang='lat' dir='ltr'>eius</span> 
     </span>
     <span class='ocr_line' id='line_1_34' title="bbox 112 2537 916 2604; baseline 0.001 -17"><span class='ocrx_word' id='word_1_232' title='bbox 112 2538 396 2604; x_wconf 76' lang='lat' dir='ltr'>disparantunigitur</span> <span class='ocrx_word' id='word_1_233' title='bbox 404 2539 523 2589; x_wconf 89' lang='lat' dir='ltr'>tectoria</span> <span class='ocrx_word' id='word_1_234' title='bbox 532 2538 565 2588; x_wconf 91' lang='lat' dir='ltr'>ab</span> <span class='ocrx_word' id='word_1_235' title='bbox 575 2544 714 2589; x_wconf 86' lang='lat' dir='ltr'>structura</span> <span class='ocrx_word' id='word_1_236' title='bbox 722 2537 916 2602; x_wconf 89' lang='lat' dir='ltr'>seiunctapro·</span> 
     </span>
     <span class='ocr_line' id='line_1_35' title="bbox 111 2604 916 2672; baseline -0.004 -16"><span class='ocrx_word' id='word_1_237' title='bbox 111 2614 173 2670; x_wconf 90' lang='lat' dir='ltr'>pter</span> <span class='ocrx_word' id='word_1_238' title='bbox 186 2607 350 2657; x_wconf 90' lang='lat' dir='ltr'>tenuitatem</span> <span class='ocrx_word' id='word_1_239' title='bbox 365 2620 413 2670; x_wconf 88' lang='lat' dir='ltr'>per</span> <span class='ocrx_word' id='word_1_240' title='bbox 427 2621 457 2655; x_wconf 89' lang='lat' dir='ltr'>se</span> <span class='ocrx_word' id='word_1_241' title='bbox 472 2613 547 2656; x_wconf 85' lang='lat' dir='ltr'>sture</span> <span class='ocrx_word' id='word_1_242' title='bbox 561 2620 617 2656; x_wconf 93' lang='lat' dir='ltr'>non</span> <span class='ocrx_word' id='word_1_243' title='bbox 629 2611 758 2672; x_wconf 87' lang='lat' dir='ltr'>possunt,</span> <span class='ocrx_word' id='word_1_244' title='bbox 778 2604 829 2666; x_wconf 82' lang='lat' dir='ltr'>sed</span> <span class='ocrx_word' id='word_1_245' title='bbox 844 2604 916 2654; x_wconf 77' lang='lat' dir='ltr'>iran-</span> 
     </span>
     <span class='ocr_line' id='line_1_36' title="bbox 111 2672 915 2788; baseline -0.001 -65"><span class='ocrx_word' id='word_1_246' title='bbox 111 2678 225 2788; x_wconf 45' lang='lat' dir='ltr'>ffuntur,</span> <span class='ocrx_word' id='word_1_247' title='bbox 240 2674 348 2739; x_wconf 80' lang='lat' dir='ltr'>ipsique</span> <span class='ocrx_word' id='word_1_248' title='bbox 363 2674 485 2738; x_wconf 85' lang='lat' dir='ltr'>parietes</span> <span class='ocrx_word' id='word_1_249' title='bbox 501 2673 619 2724; x_wconf 84' lang='lat' dir='ltr'>fortuito</span> <span class='ocrx_word' id='word_1_250' title='bbox 634 2672 757 2724; x_wconf 88' lang='lat' dir='ltr'>sidentes</span> <span class='ocrx_word' id='word_1_251' title='bbox 771 2672 915 2724; x_wconf 78' lang='lat' dir='ltr'>vitiantur.</span> 
     </span>
    </p>
   </div>
   <div class='ocr_carea' id='block_1_7' title="bbox 124 2739 917 2806">
    <p class='ocr_par' dir='ltr' id='par_1_7' title="bbox 124 2739 917 2806">
     <span class='ocr_line' id='line_1_37' title="bbox 124 2739 917 2806; baseline 0.004 -16"><span class='ocrx_word' id='word_1_252' title='bbox 124 2741 233 2806; x_wconf 89' lang='lat' dir='ltr'>deoque</span> <span class='ocrx_word' id='word_1_253' title='bbox 249 2741 331 2791; x_wconf 87' lang='lat' dir='ltr'>etlam</span> <span class='ocrx_word' id='word_1_254' title='bbox 343 2741 489 2790; x_wconf 86' lang='lat' dir='ltr'>Uticenses</span> <span class='ocrx_word' id='word_1_255' title='bbox 503 2740 605 2796; x_wconf 86' lang='lat' dir='ltr'>latere.</span> <span class='ocrx_word' id='word_1_256' title='bbox 619 2742 645 2790; x_wconf 89' lang='lat' dir='ltr'>si</span> <span class='ocrx_word' id='word_1_257' title='bbox 657 2740 695 2791; x_wconf 92' lang='lat' dir='ltr'>sit</span> <span class='ocrx_word' id='word_1_258' title='bbox 707 2739 801 2791; x_wconf 83' lang='lat' dir='ltr'>aridus</span> <span class='ocrx_word' id='word_1_259' title='bbox 813 2746 841 2791; x_wconf 85' lang='lat' dir='ltr'>et</span> <span class='ocrx_word' id='word_1_260' title='bbox 851 2745 917 2793; x_wconf 85' lang='lat' dir='ltr'>ante</span> 
     </span>
    </p>
   </div>
   <div class='ocr_carea' id='block_1_8' title="bbox 0 0 1034 3090">
    <p class='ocr_par' dir='ltr' id='par_1_8' title="bbox 0 0 1034 3090">
     <span class='ocr_line' id='line_1_38' title="bbox 0 0 1034 3090; baseline 0 0"><span class='ocrx_word' id='word_1_261' title='bbox 0 0 1034 3090; x_wconf 95' lang='lat' dir='ltr'> </span> 
     </span>
    </p>
   </div>
  </div>
 </body>
</html>
