2054 3090
109 177 154 227 llll
285 177 359 252 *DE
384 179 707 232 ARCHITECTURA

108 294 158 346 per
168 280 310 346 signorum
320 281 410 345 spatia
420 295 534 333 currens
543 282 687 348 perveniat
699 279 771 332 adid
783 279 902 348 signum,

110 362 144 399 ex
154 361 209 413 quo
224 348 318 413 priore
329 348 511 400 circulatione
525 350 619 416 coepit
630 348 723 400 lacere
733 362 856 400 cursum:
875 353 904 399 et

108 415 148 465 ita
156 421 341 482 peraequatur
351 415 411 467 cius
421 416 489 479 iter,
504 424 536 468 ut
546 418 659 468 circiter
666 417 790 468 tricenos
802 415 863 466 dies
874 415 902 464 in

107 482 224 549 singulis
234 484 322 551 signis
332 480 433 534 habeat
442 485 549 535 numeri
562 485 706 540 rationem.
740 483 766 535 ⁹.
787 481 902 534 Veneris

108 555 211 613 autom,
231 565 293 601 cum
312 555 356 601 est
372 549 492 601 liberata
509 551 543 602 ab
561 552 741 620 impeditione
760 550 902 601 radiorum

108 617 190 679 solis,
209 617 318 668 XXXX
330 617 427 669 diebus
440 620 577 683 percurrit
591 620 665 688 signi
678 618 811 685 spatium,
829 617 903 698 quod

108 685 197 735 minus
216 685 409 752 quadragenos
428 684 488 737 dies
507 687 536 736 in
550 685 668 754 singulis
682 686 770 754 signis
788 691 902 753 patitur,

109 767 169 801 crun
180 753 327 802 stationem
338 751 450 816 iecerit,
463 754 587 805 restituit
598 767 658 805 cem
667 768 800 805 summam
810 767 901 803 nnme-

108 820 167 870 riin
178 834 232 870 nno
243 820 324 887 signo
334 827 450 872 morata.
485 821 560 889 Ergo
570 828 658 873 totam
671 821 864 872 circuitionem
874 820 901 870 iu

109 886 189 937 coelo
199 886 470 955 quadringentesimo
481 895 510 942 et
525 889 697 956 octogesimo
708 894 738 939 et
747 888 844 954 quinto
857 886 901 937 (lic

108 969 254 1021 permensa
271 955 372 1006 iterum
389 955 461 1006 inid
474 956 583 1024 signum
596 955 683 1019 redit,
701 970 737 1007 ex
751 970 805 1024 quo
822 955 902 1035 signo

108 1023 185 1088 prius
203 1022 257 1073 iter
274 1021 367 1073 facere
389 1024 490 1088 coepit.
526 1025 565 1075 lo.
584 1023 683 1075 Martis
703 1037 770 1074 vero
793 1023 905 1073 circiter

110 1089 312 1142 sexcentesimo
326 1091 499 1158 octogesimo
514 1092 597 1142 tertio
613 1091 658 1142 die
672 1090 795 1142 siderum
816 1089 903 1156 spatia

110 1157 285 1225 pervagando
303 1159 429 1224 pervenit
447 1173 495 1221 eo,
519 1174 555 1211 ex
573 1173 627 1226 qno
645 1158 754 1212 initium
774 1157 901 1208 faciendo

111 1240 220 1277 cursum
239 1224 346 1277 fecerat
364 1232 440 1277 anto:
465 1233 494 1278 et
511 1227 540 1278 in
560 1227 659 1294 quibus
678 1226 766 1294 signis
785 1225 902 1277 celerius

110 1293 255 1359 percurrit,
267 1309 327 1345 cum
337 1295 485 1344 stationem
493 1293 569 1357 iecit,
580 1294 674 1360 explet
682 1293 789 1345 dierum
799 1291 904 1343 numeri

110 1362 256 1413 rationem.
294 1361 368 1412 loris
400 1368 505 1425 autem,
540 1361 739 1430 placidioribus
772 1360 904 1428 gradibus

111 1427 246 1478 scandens
260 1435 357 1480 contra
370 1429 465 1480 mundi
478 1430 676 1491 versationem,
698 1429 811 1479 circiter
823 1428 905 1478 trice·

111 1497 154 1545 nis
172 1497 318 1562 sexaginta
336 1496 433 1547 diebus
453 1497 563 1578 singula
579 1498 659 1565 signa
678 1496 854 1564 permetitur,
878 1502 905 1544 et

112 1563 242 1613 consistit
249 1577 299 1630 per
312 1578 398 1615 annos
413 1565 539 1616 undecim
553 1571 582 1615 et
595 1564 655 1615 dies
668 1570 812 1618 trecentos
828 1576 906 1613 sexa·

112 1631 190 1698 ginta
199 1637 269 1692 tres,
284 1636 312 1680 et
321 1630 394 1682 redit
402 1632 430 1682 in
439 1633 469 1683 id
478 1633 600 1714 signum,
613 1633 643 1683 in
657 1646 711 1698 quo
727 1638 791 1682 anto
802 1628 905 1681 duode-

112 1700 165 1749 cim
175 1713 261 1749 annos
271 1697 371 1750 iuerat.
407 1699 609 1762 Saturniam,
623 1698 763 1751 mensibus
773 1696 866 1749 XXXI
878 1702 906 1746 et

113 1766 229 1834 amplius
245 1768 340 1833 paucis
349 1767 445 1819 diebus
459 1768 614 1835 pervadens
622 1781 677 1885 Xer
691 1767 764 1835 signi
777 1782 790 1817 s
810 1765 905 1826 atium,

112 1850 183 1886 anno
193 1849 267 1886 nono
275 1841 304 1885 et
312 1835 447 1902 vigesimo
459 1842 487 1887 et
496 1837 608 1887 circiter
640 1832 776 1886 iebnsCL
811 1833 904 1897 inquo

112 1909 175 1953 ante
185 1903 327 1954 tricesimo
338 1903 430 1954 iuerat
438 1918 510 1955 anno
520 1904 549 1953 in
557 1903 587 1954 id
596 1903 760 1964 restituitur,
771 1913 905 1965 excoque

113 1986 167 2036 quo
178 1971 267 2022 minus
278 1970 312 2021 ab
323 1976 447 2022 extremo
460 1969 545 2022 distat
554 1970 669 2033 mundo,
684 1975 762 2020 tanto
772 1968 905 2019 maiorem

113 2039 321 2090 circinationem
349 2045 428 2090 rotae
456 2038 641 2106 percurrendo
663 2037 771 2088 tardior
797 2034 907 2085 ridetur

113 2121 184 2157 esse.
220 2108 260 2157 ll.
278 2106 318 2156 Hi
331 2113 422 2158 autem
438 2107 485 2173 qui
499 2121 582 2173 supra
595 2105 665 2156 solis
677 2105 732 2155 iter
750 2101 907 2155 circinatio-

114 2188 162 2224 nes
172 2180 323 2241 peragunt,
337 2175 456 2226 maxime
467 2189 527 2225 curn
537 2175 566 2224 in
576 2173 688 2240 trigono
698 2171 816 2233 fuerint,
834 2167 908 2236 quod

112 2242 136 2291 is
146 2242 254 2303 inierit,
270 2247 391 2293 tumnon
420 2241 631 2310 regrediuntur,
646 2239 696 2291 sed
708 2253 856 2306 regressus
869 2236 909 2287 fa-

113 2309 218 2360 cientes
228 2316 381 2373 morentur,
397 2256 607 2361 innocontiam
616 2307 660 2358 sol
669 2307 704 2357 de
714 2321 748 2358 eo
759 2306 872 2372 trigono
881 2307 909 2353 in

112 2376 188 2427 aliud
208 2378 317 2445 signum
336 2377 529 2428 transitionem
543 2375 651 2427 iecerit.
685 2373 716 2424 ld
731 2379 822 2424 autem
842 2385 908 2422 non·

113 2444 195 2497 nullis
207 2446 248 2497 sic
259 2445 320 2496 lieri
330 2444 435 2512 placet,
446 2444 520 2510 quod
530 2445 608 2494 aiunt
617 2442 714 2504 solem,
726 2456 787 2491 cum
796 2439 909 2506 longius

112 2513 186 2565 absit
195 2513 335 2564 abstantia
344 2513 471 2579 quadam,
481 2510 650 2562 nonslucidis
659 2508 806 2559 itineribus
816 2520 908 2558 erran·

112 2584 209 2648 tiaper
219 2595 279 2632 eam
292 2580 385 2631 sidera
394 2579 572 2631 obscuritatis
582 2575 784 2628 morationibus
794 2570 914 2641 impedi.

112 2665 152 2702 re.
187 2648 275 2701 Nobis
289 2662 356 2699 vero
373 2649 471 2699 idnon
485 2647 604 2699 videtur.
640 2644 715 2697 Solis
729 2643 802 2694 enim
819 2641 909 2762 eglon-

113 2720 165 2770 dor
178 2715 366 2786 perspicibilis
386 2723 416 2768 et
433 2721 531 2785 patens
545 2714 606 2766 sine
621 2712 688 2764 ullis
708 2711 828 2764 obscura
852 2707 911 2761 oni·
