2054 3090
309 81 538 164 urrunnun.
566 111 650 167 cnr.
669 111 720 165 vr.
868 109 913 162 res

111 207 187 263 enim
196 210 238 262 uti
248 211 374 279 reliquae
384 228 430 265 res
441 229 476 267 ex
484 220 604 281 quatuor
617 214 761 280 principiis
775 228 912 278 composr·

110 282 155 330 ta:
175 285 204 330 et
231 279 330 331 nimum
339 288 383 331 est
393 282 454 348 ipsa
462 288 586 345 terrena,
602 280 741 348 habetque
751 295 787 332 ex
798 277 912 331 buniore

110 360 200 412 aquae
209 295 315 399 lbntes:
336 349 403 399 item
414 350 533 412 calores,
544 349 617 401 unde
628 351 712 400 etiam
720 345 843 415 sulphur,
854 347 911 398 alu·

109 428 187 477 men,
201 414 326 467 bitumen
338 417 474 480 nascitur,
494 418 623 484 atrisque
638 418 753 483 spiritus
767 417 909 476 immanes,

109 482 159 549 qui
169 496 230 533 cum
240 498 339 550 graves
349 499 400 550 per
408 485 564 536 intervenia
575 485 703 536 fistulosa
711 492 803 535 terrae
816 497 911 551 perve-

108 550 190 599 niunt
204 549 239 600 sd
253 550 410 603 fossionem
419 559 579 619 puteorum,
594 559 623 604 et
635 553 675 604 ibi
683 551 809 605 homines
824 549 905 602 offen·

110 617 179 668 dunt
188 616 338 682 fodientes,
348 625 380 672 ut
389 620 509 671 naturali
518 634 622 687 vapore
634 620 764 672 obturant
773 621 802 671 in
813 633 909 670 eorum

111 684 226 735 naribus
236 687 350 753 spiritus
365 687 513 751 animales,
527 688 568 738 ita
581 689 628 756 qui
643 704 699 739 non
713 688 832 739 celerius
845 686 910 737 inde

110 750 263 819 effugiunt,
277 754 318 806 ibi
330 754 535 807 interimuntur.
572 757 611 807 13.
630 757 694 808 Hor
709 762 800 807 autem
811 754 910 822 quibus

107 820 265 872 rationibus
285 829 429 887 caveatur,
449 823 491 874 sie
510 823 564 875 erit
581 822 747 874 iaciendum.
783 822 911 874 Lucerna

109 903 229 940 aceensa
239 889 412 955 demittatur;
423 906 494 959 quae
505 892 529 942 si
537 892 721 959 permanserit
730 890 840 952 ardens,
851 890 910 940 sine

108 956 236 1023 periculo
256 958 449 1010 descendetur.
486 957 535 1011 Sin
553 965 645 1010 autem
666 959 801 1026 eripietur
818 957 909 1007 lumen

107 1024 137 1075 ri
150 1025 273 1091 vaporis,
288 1032 354 1077 tune
364 1026 514 1078 seeundum
524 1036 638 1094 puteum
648 1026 746 1078 dextra
756 1042 789 1077 ae
798 1026 910 1076 sinistra

110 1090 290 1144 defodiantur
303 1094 457 1147 medaria:
476 1095 530 1157 ita,
552 1093 782 1162 quemadmodum
800 1107 910 1159 perna

109 1174 170 1223 res,
185 1160 298 1228 spiritus
308 1176 344 1213 ex
351 1161 499 1214 aestuariis
510 1161 727 1229 dissipabuntur.
764 1161 831 1212 Cum
842 1159 910 1210 haee

110 1229 153 1280 sie
167 1228 308 1296 explicata
319 1229 438 1293 fuerint,
457 1229 535 1282 etad
552 1245 653 1350 affluam
667 1231 722 1283 erit
738 1235 910 1296 perventum,

108 1302 176 1348 tune
195 1297 319 1367 sepiatur
332 1303 484 1361 structura,
503 1313 539 1350 ns
558 1314 576 1350 o
595 1304 833 1351 turenturvenae.
870 1296 910 1349 14.
944 1347 948 1353 .

110 1363 160 1416 Sin
170 1364 336 1418 autemloca
346 1366 507 1418 durnerunt
516 1371 565 1420 aut
573 1367 690 1426 nimium
698 1380 786 1418 venae
799 1365 910 1433 panitas

109 1430 227 1497 fuerint,
241 1440 308 1486 nune
320 1433 440 1502 signinis
453 1449 470 1486 o
491 1434 587 1487 eribus
600 1435 732 1489 extentis
746 1439 795 1486 sut
806 1446 911 1500 stupe»

108 1499 232 1553 rioribus
245 1501 317 1553 loeis
331 1502 425 1569 excipi
480 1517 514 1554 ae
528 1509 594 1556 sunt
606 1518 715 1622 rogiae,
748 1500 913 1568 insigniris

110 1574 203 1620 autem
223 1569 353 1636 operibus
372 1568 443 1622 haee
459 1577 524 1622 sunt
541 1569 635 1623 facien
654 1586 684 1623 as
702 1570 745 1623 uti
758 1570 910 1636 arennpri·

108 1638 574 1772 rewers
592 1642 912 1759 unffi

110 1785 192 1838 quam
210 1770 457 1824 vehementissima
472 1721 610 1826 mortario
627 1773 794 1835 misceatur,
816 1771 859 1823 ita
880 1775 911 1821 ut

110 1838 233 1906 quinque
246 1845 340 1907 partes
356 1853 458 1892 arenae
473 1839 593 1893 adduas
606 1840 692 1896 saleis
710 1838 910 1906 respondeant:

109 1906 245 1959 mortario
259 1912 432 1959 eaeneumns
445 1906 577 1961 addatur:
596 1921 633 1961 ex
645 1922 680 1959 so
690 1905 770 1960 iussa
783 1907 820 1958 ad
829 1905 912 1957 libra-

109 1980 233 2029 mentum
245 1975 402 2028 altitudinis
417 1974 493 2043 quod
502 1973 679 2028 estiutsuum
692 1975 817 2027 calseum
827 1974 910 2027 veeti-

109 2043 162 2095 bus
181 2042 284 2111 ligneis
309 2042 433 2097 terratis.
469 2042 510 2096 lb.
545 2041 709 2097 Parietibus
729 2042 859 2105 cunam,
881 2041 911 2092 in

109 2111 203 2164 medio
237 2111 294 2164 uod
306 2111 362 2164 erit
374 2116 516 2165 terremini
529 2111 707 2165 exinaniatur
720 2111 756 2165 ad
764 2110 910 2163 libramen·

109 2187 168 2232 tum
181 2126 307 2232 inbrium
318 2179 468 2248 parinum
488 2176 544 2232 hoe
552 2185 710 2248 essequam
721 2179 812 2232 solum
823 2177 911 2229 calce·

108 2255 156 2301 tur
175 2248 212 2299 ad
231 2248 460 2312 erassitudinem,
479 2262 551 2316 quas
572 2248 726 2301 conminuta
741 2245 839 2299 luerit¹
870 2244 912 2295 Ea

110 2323 203 2368 autem
217 2317 243 2368 si
257 2316 381 2384 duplicia
393 2316 574 2383 auttriplicia
583 2314 659 2368 faeta
667 2315 787 2377 fuerint,
800 2314 840 2365 uti
851 2326 911 2380 per-

110 2384 298 2437 colationibus
307 2391 493 2437 transmutare
501 2384 619 2451 possint,
629 2383 717 2437 multu
728 2381 912 2435 salubriorem

110 2459 139 2503 et
149 2455 307 2505 suarimem
321 2454 382 2504 eius
397 2467 478 2504 usum
492 2451 623 2505 efficient
657 2450 755 2503 limus
766 2450 840 2503 enin
849 2463 910 2500 eum

110 2519 239 2572 habuerit
253 2536 308 2588 quo
323 2519 463 2584 subsidat,
477 2518 621 2588 limpidior
633 2534 707 2586 aqua
719 2517 781 2582 fiet,
802 2523 831 2570 st
851 2517 911 2567 sine

111 2588 244 2641 odoribus
258 2587 436 2641 conservabit
453 2602 595 2670 saporem:
614 2587 723 2651 sinon,
742 2587 830 2640 salens
845 2583 910 2636 addi

110 2671 226 2710 neeesse
236 2657 502 2721 eritetentenuan.
