2054 3090
217 112 251 161 ²0
419 108 472 158 DE
498 109 817 162 ARCHITECTURA

216 218 305 263 terno.
342 210 437 277 ltaque
452 226 507 260 non
521 211 610 261 solum
624 211 652 261 in
665 226 743 261 muro
758 212 809 262 sed
823 212 906 262 etiam
917 211 947 262 in
957 209 1020 261 sub·

216 277 428 339 structionibns,
450 279 551 344 quique
570 279 692 343 parietes
711 278 811 328 murali
831 277 1018 328 crassitudine

216 351 297 396 erunt
306 344 436 407 faciendi,
445 343 497 394 hac
506 346 615 396 ratione
626 345 738 412 religati
749 361 804 396 non
814 347 871 396 cito
882 345 1019 396 vitiabun·

215 420 269 464 tur.
298 413 323 463 4.
334 412 483 463 Intervalla
493 418 584 462 autem
594 413 711 462 turrium
719 413 760 463 ita
766 419 830 463 sunt
839 411 978 475 facienda,
990 417 1020 461 ut

217 496 251 531 ne
271 478 383 547 longius
401 479 439 529 sit
456 479 512 529 alia
525 478 558 528 ab
573 479 630 529 alia
643 480 763 546 sagittae
776 481 923 543 missione3
943 480 985 530 uti
995 479 1019 530 si

217 563 270 614 qua
281 553 526 613 oppugnetur,tum
538 547 694 609 aturribus,
706 561 776 613 quae
787 553 869 598 erunt
878 547 977 598 dextra
987 560 1019 596 ac

217 615 342 675 sinistra,
357 613 551 678 scorpionibus
565 614 736 680 reliquisque
749 614 869 664 telorum
879 613 1019 665 missioni·

216 683 267 732 bus
281 679 378 731 hostes
393 681 564 731 reiiciantur.
600 681 690 732 Etiam
706 688 804 732 contra
817 681 953 732 inferiora
962 687 1018 732 tur-

215 750 287 799 'rium
306 747 470 798 dividendus
489 754 532 798 est
551 763 645 798 murus
663 749 819 799 intervallis
837 755 892 800 tam
909 748 1018 816 magnis

217 831 297 883 quam
312 821 392 866 erunt
401 821 505 879 turres3
524 821 553 865 et
562 815 664 866 itinera
674 817 729 866 sint
738 815 919 866 interioribus
932 815 1017 881 parti·

215 884 267 934 bus
282 883 399 933 turrium
413 883 587 948 contignata,
602 897 692 949 neque
708 897 741 933 ea
754 882 829 934 ferro
841 883 908 934 fixa:
926 879 1017 933 hostis

217 951 325 1001 enimsi
337 965 418 1016 quam
430 956 536 1016 partem
546 951 616 1000 muri
628 951 814 1015 occupaverit,
826 951 872 1016 qui
881 964 1017 1016 repugna·

215 1018 503 1080 bunt,rescindent,et
514 1018 537 1067 si
549 1017 680 1068 celeriter
689 1016 951 1079 administraverint,
963 1031 1017 1067 non

216 1086 357 1152 patientur
364 1085 486 1152 reliquas
497 1092 590 1151 partes
600 1085 846 1151 turriummurique
854 1082 963 1135 hostem
972 1097 1018 1150 pe-

216 1162 336 1215 netrare,
347 1153 402 1202 nisi
412 1168 442 1203 se
453 1152 573 1203 voluerit
581 1153 774 1219 praecipitare.
810 1151 834 1202 5.
854 1153 958 1203 Turres
967 1151 1019 1202 ita-

217 1234 270 1284 que
277 1219 413 1269 rotundae
425 1227 472 1270 aut
483 1219 549 1285 poly
570 1219 651 1269 oniae
661 1226 725 1270 sunt
734 1217 891 1282 iaciendae3
903 1218 1018 1285 quadra·

218 1295 260 1337 tas
275 1286 348 1336 enim
361 1284 504 1336 machinae
520 1235 639 1336 celerius
650 1286 799 1353 dissipant,
814 1287 889 1352 quod
900 1285 1019 1352 angulos

217 1354 320 1403 arietes
330 1353 472 1402 tundendo
483 1351 625 1419 frangunt:
636 1354 663 1402 in
673 1353 916 1405 rotundationibus
927 1359 1018 1404 autem

217 1421 259 1471 uti
273 1434 389 1482 cuneos,
406 1419 441 1470 ad
455 1427 579 1470 centrum
594 1420 745 1487 adigendo,
760 1421 872 1471 laedere
886 1435 942 1471 non
955 1435 1019 1486 pos·

218 1492 290 1538 sunt.
326 1485 395 1536 item
412 1488 580 1538 munitiones
595 1490 664 1538 muri
679 1488 795 1538 turrium
817 1503 851 1539 ue
868 1487 1020 1555 aggeribus

218 1554 382 1604 coniunctae
392 1554 510 1605 maxime
521 1555 639 1605 tutiores
651 1562 725 1619 sunt3
736 1504 815 1622 quod
820 1570 909 1623 neque
916 1555 1020 1606 arietes

217 1637 307 1687 neque
318 1619 487 1672 suffossores
497 1637 587 1689 neque
597 1620 741 1673 machinae
753 1629 863 1674 ceterae
874 1623 915 1673 eis
925 1622 1021 1674 valent

217 1703 328 1739 nocere.
364 1687 388 1738 t.
408 1688 463 1741 Sed
474 1690 567 1739 nonin
578 1690 704 1740 omnibus
714 1690 784 1740 locis
795 1696 840 1742 est
849 1689 961 1757 aggeris
976 1705 1019 1740 ra-

218 1757 263 1807 tio.
275 1754 416 1819 facienda,
436 1756 490 1806 nisi
508 1756 606 1822 quibus
626 1763 704 1807 extra
718 1772 823 1808 murum
839 1772 874 1809 ex
887 1757 942 1806 alio
953 1756 1019 1807 loco

218 1825 300 1891 plano
319 1823 390 1890 pede
408 1837 538 1874 accessus
552 1822 638 1873 fuerit
651 1824 685 1873 ad
699 1826 810 1875 moenia
824 1823 1017 1891 oppugnanda.

218 1892 313 1957 ltaque
327 1892 354 1941 in
370 1890 508 1942 eiusmodi
521 1890 592 1940 locis
605 1892 722 1956 primum
735 1890 830 1943 fossae
841 1897 905 1942 sunt
913 1889 1019 1942 facien·

218 1960 269 2009 dae
284 1959 477 2009 latitudinibus
492 1963 521 2009 et
534 1957 725 2010 altitudinibus
737 1975 818 2025 quam
828 1958 1018 2025 amplissimis:

218 2025 318 2077 deinde
328 2025 536 2076 fundamentum
546 2025 615 2076 muri
627 2026 833 2092 deprimendum
844 2032 889 2078 est
897 2027 971 2077 intra
981 2025 1020 2077 al-

218 2108 298 2143 veum
312 2091 420 2155 fossae,
436 2100 465 2144 et
476 2092 504 2142 id
520 2095 715 2144 exstruendum
727 2100 770 2145 est
780 2109 813 2145 ea
824 2093 1020 2157 crassitudine,

218 2167 248 2211 nt
259 2175 328 2225 opus
338 2165 478 2210 terrenum
488 2159 572 2210 facile
582 2161 760 2212 sustineatur.
796 2161 821 2212 ἵ,
841 2161 909 2212 ltem
923 2162 1021 2212 interi-

219 2242 268 2277 ore
287 2231 365 2294 parte
385 2227 599 2278 substructionis
619 2227 839 2292 fundamentum,
860 2229 966 2279 distans
986 2229 1021 2279 ab

219 2294 368 2356 exteriore,
378 2295 516 2345 introrsus
527 2295 617 2360 amplo
629 2297 719 2362 spatio
731 2296 953 2348 constituendum
969 2303 1022 2360 est,

218 2364 259 2414 ita
271 2361 312 2412 uti
327 2358 458 2412 cohortes
471 2361 592 2427 possint,
610 2362 839 2428 quemadmodum
853 2364 881 2414 in
896 2365 966 2426 acie,
980 2364 1022 2414 in·

219 2434 342 2480 structae
357 2429 392 2479 ad
406 2427 610 2480 defendendum
622 2445 706 2496 supra
719 2431 894 2482 latitudinem
908 2432 1023 2499 aggeris

219 2497 383 2548 consistere.
420 2496 487 2546 Cum
498 2503 589 2547 autem
601 2497 780 2549 fundamenta
789 2499 830 2550 ita
840 2499 973 2549 distantia
981 2500 1023 2548 in-

172 2576 175 2580 ·
218 2572 262 2616 ter
276 2578 306 2615 se
320 2563 425 2616 fuerint
439 2565 603 2626 constituta,
618 2572 684 2615 tunc
693 2566 766 2616 inter
777 2581 810 2616 ea
820 2566 875 2616 alia
884 2573 1022 2616 transver-

219 2648 263 2695 sa,
278 2632 426 2684 coniuncta
441 2632 573 2683 exteriori
589 2638 616 2682 et
629 2633 756 2683 interiori
768 2632 962 2696 fundamento,
975 2647 1024 2700 pe-
