2054 3090
109 205 156 256 llil
307 202 362 254 DE
387 200 711 254 ARCHITECTURA

108 321 170 358 cum
184 304 285 356 incidit
299 318 464 372 percurrens
480 304 509 354 in
523 303 667 356 ardentem
684 303 780 356 locum
794 301 913 356 efferre·

108 374 175 435 scit,
194 379 223 423 et
236 371 425 438 percalefacta
435 370 584 438 egreditur
597 385 649 437 per
661 385 747 422 venas
761 376 846 423 extra
858 377 911 423 ter-

107 456 178 504 ram3
198 440 263 491 ideo
280 438 385 489 diutius
395 453 451 488 non
462 444 742 506 potestpermanere,
762 438 816 490 sed
832 436 910 490 brevi

107 508 199 574 spatio
215 507 247 557 iit
260 505 372 622 frigida
408 504 533 572 Namque
548 505 574 555 si
588 505 755 557 naturaliter
770 511 851 557 esset
869 520 911 556 ca-

108 575 179 637 lida,
190 589 246 624 non
257 587 288 624 re
319 573 474 640 'geraretur
484 572 563 629 calor
572 571 642 624 eius.
677 570 716 624 Sa
735 578 875 624 orantem
886 582 913 622 et

110 641 181 691 odor
195 646 224 690 et
233 639 314 690 color
324 640 384 690 eius
395 653 450 689 non
463 639 616 689 restituitur
627 675 634 701 ,
651 587 732 706 qqu
736 639 875 691 intinctus
886 646 913 698 et

110 708 275 759 commixtus
287 712 331 757 est
339 712 453 773 propter
463 712 578 758 naturae
593 706 745 758 raritatem.

404 806 540 859 CAPUT
564 805 620 858 Ill.

333 875 358 928 (a
368 876 422 915 sect
432 876 467 917 24.
477 871 545 926 vulgo
557 871 634 928 Geput
641 871 696 927 lv.)

112 947 158 998 De
176 945 273 1014 aquis
301 944 416 996 calidis
442 953 475 996 et
504 946 541 996 ds
572 946 735 998 variorum
751 945 913 1016 fontium,

215 1075 217 1080 y
238 1011 416 1084 fluminum
438 1013 628 1081 laeuumque
648 1021 777 1066 nature.

164 1111 234 1163 Sunt
247 1116 339 1161 autem
353 1110 437 1160 etiam
451 1110 578 1160 nonnulli
591 1107 686 1161 fontes
698 1109 796 1173 calidi,
812 1125 849 1163 ex
857 1111 914 1178 qui·

112 1181 163 1231 bus
181 1176 296 1246 profluit
309 1192 381 1245 aqua
399 1191 499 1244 sapore
515 1177 633 1243 optimo,
658 1191 728 1243 quae
749 1177 777 1228 in
798 1179 914 1244 potione

112 1248 153 1298 ita
166 1252 210 1297 est
224 1245 332 1306 suavis,
353 1245 461 1296 utinen
481 1243 627 1295 fontinalis
642 1244 676 1297 ab
693 1242 843 1296 Gamoenis
864 1260 915 1297 nec

112 1314 220 1366 Marcia
234 1312 338 1363 saliens
354 1311 538 1362 desideretur.
573 1310 653 1362 Haec
667 1319 760 1363 autem
778 1327 797 1363 a
817 1318 917 1364 natura

112 1380 294 1448 perficiuntur
303 1377 346 1428 his
356 1377 521 1429 rationibus.
558 1377 625 1428 Cum
635 1377 664 1428 in
673 1378 730 1429 imo
745 1392 796 1447 per
805 1378 915 1432 alumen

114 1453 162 1499 aut
172 1447 296 1496 bitumen
308 1459 358 1495 seu
369 1443 485 1511 sulphur
493 1444 728 1512 ignisexcitatur,
744 1445 845 1498 ardore
855 1461 916 1513 per·

115 1511 273 1567 candefacit
282 1517 397 1573 terram,
413 1525 484 1578 quae
498 1517 542 1562 est
552 1509 642 1580 [circa
651 1510 710 1580 se]=
729 1527 814 1580 supra
824 1528 856 1566 se
870 1529 917 1565 au·

113 1587 170 1633 tem
180 1577 318 1630 fervidum
329 1578 432 1629 emittit
446 1579 476 1628 in
491 1579 638 1645 superiore
650 1579 715 1632 loce
727 1595 874 1647 vaporem,
889 1585 919 1633 et

113 1650 155 1700 ita
169 1647 194 1698 si
208 1645 297 1714 quiin
312 1642 356 1695 his
374 1645 446 1695 locis
461 1646 509 1712 qui
523 1652 588 1698 sunt
600 1661 697 1712 supra,
717 1646 812 1700 fontes
826 1647 917 1700 dulcis

113 1730 201 1784 aquae
213 1718 376 1780 nascuntur,
391 1711 494 1763 offensi
512 1727 545 1764 eo
560 1727 664 1780 vapore
674 1712 862 1767 effervescunt
878 1715 919 1766 iu·

114 1790 158 1835 ter
168 1797 262 1844 venas,
273 1787 302 1833 et
310 1781 352 1832 ita
360 1778 502 1846 profluunt
510 1781 623 1836 mcorru
642 1786 715 1833 tosa
735 1796 793 1834 ore.
811 1784 837 1834 2.
848 1780 920 1834 Sunt

115 1852 199 1902 etiam
210 1848 297 1900 odore
312 1853 341 1898 et
355 1861 454 1913 sapore
468 1861 525 1898 non
537 1845 612 1898 bono
624 1795 726 1915 ιἕνίζίᾱι,
742 1848 849 1912 fontes,
870 1849 918 1916 qui

115 1918 149 1968 ab
163 1913 343 1974 inferioribus
357 1913 429 1965 locis
443 1913 554 1979 penitus
570 1914 638 1977 orti,
653 1929 703 1981 per
717 1914 782 1967 loca
791 1916 920 1967 ardentia

115 1989 273 2044 transeunt,
289 1987 317 2032 et
328 1979 362 2031 ab
374 1978 417 2031 bis
430 1994 481 2046 per
496 1982 609 2047 longum
619 1982 738 2048 epatium
751 1989 844 2034 terrae
856 1997 920 2049 per·

116 2055 274 2111 currentes,
289 2046 450 2114 refrigerati
464 2046 629 2113 perveniunt
644 2063 728 2115 supra
742 2053 859 2114 terram,
875 2064 919 2100 sa·

135 2132 183 2168 ore
195 2117 282 2167 odore
293 2115 444 2181 coloreque
459 2119 606 2181 corrupto,
622 2116 663 2166 uti
673 2115 701 2166 in
712 2115 860 2168 Tiburtina
872 2116 920 2167 ria

116 2134 217 2235 Aumen
227 2181 327 2233 Albula
341 2187 370 2231 et
384 2181 414 2231 in
427 2180 579 2232 Ardeatino
594 2180 688 2233 fontes
706 2181 803 2250 frigidi
817 2182 918 2235 eodem

118 2252 218 2312 odore,
234 2250 281 2316 qui
295 2245 451 2313 sulphurati
464 2247 607 2311 dicuntur,
622 2255 651 2301 et
664 2246 780 2367 relifiuis
794 2249 867 2301 locis
881 2246 918 2300 si-

738 2331 772 2367 eo
788 2316 920 2369 videntur

119 2390 234 2452 aspectu
248 2383 373 2445 fervere,
389 2381 464 2449 quod
478 2397 540 2432 cum
553 2383 582 2433 in
597 2382 742 2435 ardentem
754 2383 849 2435 locum
862 2383 920 2434 alte

87 2464 90 2471 ·
116 2453 226 2518 penitus
237 2450 404 2512 inciderunt,
410 2447 526 2500 humore
537 2455 566 2500 et
573 2449 634 2517 igni
643 2451 715 2501 inter
724 2465 756 2502 sc
766 2464 921 2517 congruen-

118 2521 205 2582 tibus,
222 2517 324 2570 offensi
338 2515 498 2568 vehementi
511 2515 625 2584 fragore
640 2517 749 2569 validos
763 2518 792 2568 in
809 2532 840 2569 se
849 2517 921 2569 reci-

118 2590 196 2653 piunt
206 2587 333 2654 spiritus,
345 2590 374 2636 et
382 2585 423 2634 ita
432 2582 520 2634 inflati
530 2584 557 2635 vi
568 2585 644 2636 venti
652 2585 756 2648 coacti,
769 2576 922 2635 bullientes

119 2655 217 2706 crebro
233 2669 282 2720 per
300 2652 394 2704 fontes
413 2650 603 2718 egrediuntur.
638 2651 681 2704 rix
697 2650 741 2703 his
759 2657 852 2703 autem
874 2651 922 2718 qui

119 2737 173 2772 non
184 2728 247 2773 sunt
258 2720 361 2787 aperti,
373 2717 423 2770 sed
434 2732 450 2767 a
460 2718 536 2769 saxis
547 2715 672 2785 [aetalia
681 2717 720 2787 ω’]
734 2719 922 2783 continentur,

116 2317 236 2368 milibus.
272 2315 312 2365 Hi
327 2320 419 2366 autem
433 2330 494 2365 cum
510 2316 567 2366 sint
579 2313 693 2384 frigidi,
706 2315 716 2366 i
