2046 3352
105 142 154 211 11'2
310 166 364 219 un
390 165 708 219 sacurrracruus

106 261 234 317 llaurmae
248 269 416 337 vaporisque
430 270 472 321 vis
487 283 536 336 per
550 273 715 320 curvaturae
736 271 810 318 rotat

106 345 156 382 nes
166 343 343 403 pervagetur.
525 345 528 351 '

403 437 536 489 CAPUT
562 436 614 487 xl.

141 516 188 570 De
202 516 443 586 palaestrarum
464 520 703 592 aedificatione
722 527 807 588 stay

157 602 237 654 Nunc
247 603 315 654 mihi
325 604 448 667 videtur,
461 606 575 656 tametsi
584 619 640 655 non
650 605 707 655 sint
716 604 810 655 italica

107 670 276 733 suetudinis,
296 671 497 737 palaestrarum
515 672 727 723 aedificationes
744 670 810 722 trad

107 750 170 787 men
182 738 319 803 explicate
326 776 334 802 ,
346 745 376 790 et
385 740 616 807 quemadmodum
626 738 699 818 apud
710 737 810 790 Graec«

107 803 259 857 stituantur
272 812 438 866 monstrare.
473 808 503 857 ln
513 806 663 873 palaestrrs
677 805 810 872 peristyli

107 871 188 922 (irata
198 873 257 924 sive
269 873 392 942 oblonga
400 875 442 925 ita
451 881 515 925 sunt
524 873 663 935 facienda,
674 874 714 924 uti
728 874 810 925 duom

108 940 217 990 diorum
240 939 362 992 habeant
384 941 581 993 ambulationis
605 941 810 1003 circuitionem,

34 1042 38 1048 -
108 1008 210 1059 Graeci
222 1005 325 1060 voo'ant
338 1009 454 1072 δίαυλονς
476 1008 623 1075 exquibus
638 1015 696 1059 tres
705 1008 810 1075 portior

108 1075 196 1141 plices
209 1076 404 1142 disponantur,
424 1083 590 1144 quartaque,
609 1089 680 1143 quae
694 1075 730 1126 ad
743 1075 810 1125 meri

107 1143 238 1211 regiones
250 1150 294 1195 est
304 1159 451 1208 conversa,
467 1145 581 1210 duple13
600 1144 641 1193 uti
658 1147 810 1209 cumtemp

107 1216 241 1262 ventosae
251 1218 328 1274 sunt,
343 1227 398 1262 non
407 1213 500 1278 possit
509 1225 628 1278 aspergo
638 1211 668 1260 in
676 1210 810 1261 interiore

107 1285 163 1328 tem
185 1278 340 1344 pervenire.
377 1281 401 1329 2.
421 1279 633 1330 Constituantur
655 1282 748 1327 autem
770 1277 800 1328 iu

107 1344 263 1410 porticibus
275 1345 395 1396 exedrae
406 1343 699 1412 spatiosae‚habentas
710 1344 803 1407 sedes,

107 1411 159 1462 hus
168 1409 339 1476 philosophi,
350 1411 488 1475 rhetores,
499 1413 655 1480 reliquique
667 1412 715 1479 qui
725 1411 810 1462 studii

108 1483 218 1528 ctantur
236 1478 367 1531 sedentes
388 1479 530 1547 disputare
548 1480 667 1547 possint.
703 1479 734 1529 ln
744 1479 810 1546 dupl

108 1552 164 1596 tem
179 1545 290 1611 porticu
304 1546 480 1598 collocentur
489 1545 560 1598 haee
570 1548 706 1600 membra:
720 1545 810 1614 epheh

108 1613 214 1677 medio;
236 1610 289 1664 hoc
303 1620 396 1666 autem
410 1621 454 1666 est
467 1615 572 1666 exedra
581 1615 755 1682 amplissima
764 1629 810 1665 our

107 1681 169 1744 bus,
180 1696 251 1749 quae
261 1683 433 1802 tertiaparte
444 1683 557 1762 longior
566 1683 604 1734 sit
614 1697 695 1750 quarn
705 1682 775 1732 lata:
787 1698 810 1733 ιι

107 1754 152 1800 tro
167 1763 329 1817 coryceum:

108 1818 195 1870 sterio
206 1818 236 1869 in
245 1832 361 1870 versura
370 1818 495 1884 porticus
505 1817 610 1886 frigida
619 1818 733 1879 lavatio,
740 1831 810 1883 quan

107 1886 135 1937 ci
149 1885 258 1952 λοῡτρον
271 1887 408 1942 vocitant:
428 1885 463 1936 asi
476 1885 618 1937 sinistram
634 1882 752 1951 ephebei
771 1883 810 1934 ela

109 1954 192 2004 sium:
211 1954 338 2020 proxime
353 1959 445 2004 autem
456 1951 659 2005 elaeothesium
673 1951 810 2018 frigidarii

110 2035 200 2088 eoque
211 2021 266 2072 iter
274 2022 302 2072 in
312 2020 498 2088 propnigeum
506 2020 536 2069 in
546 2034 663 2071 versura
671 2019 810 2086 porticuss

108 2102 152 2139 me
168 2093 260 2139 autem
274 2089 412 2139 introrsus
426 2103 443 2138 e
462 2087 579 2154 regione
596 2087 738 2155 frigidarii
756 2085 810 2136 coll

110 2161 305 2206 concamerata
316 2154 440 2217 sudatio,
455 2155 632 2222 longitudine
643 2155 810 2221 duplexque

109 2221 217 2284 tudine,
229 2236 300 2288 quae
310 2220 413 2272 habeat
421 2222 583 2273 inversuris
594 2237 629 2274 er
638 2227 781 2288 unaparte
794 2219 810 2270 1

109 2304 185 2350 oum,
199 2289 235 2339 ad
245 2287 363 2339 eundem
373 2289 486 2340 modum
495 2290 536 2340 uti
547 2304 631 2355 supra
641 2290 775 2355 seriptum
783 2303 810 2339 es

128 2356 241 2407 ositum:
264 2370 299 2406 ex
317 2355 435 2407 adverso
455 2356 591 2408 Laconici
609 2356 717 2408 caldam
735 2356 810 2406 lavat

108 2372 138 2474 fn
157 2423 297 2491 palaestra
310 2424 471 2491 peristylia,
492 2423 722 2490 quemadmodum
744 2438 811 2490 supr

107 2497 185 2558 ptum
203 2498 260 2554 est,
284 2492 325 2542 ita
343 2491 447 2543 debent
466 2505 529 2542 esso
546 2490 672 2559 perfecte
692 2490 810 2542 distrihu

109 2559 196 2610 Extra
206 2565 299 2610 autem
309 2559 628 2627 disponanturportions
639 2565 709 2621 tres,
724 2572 780 2608 una
794 2572 809 2608 e

108 2627 194 2692 stylio
206 2627 386 2690 exeuntibus,
398 2626 469 2677 duae
480 2625 580 2678 dextm
590 2631 674 2693 atque
685 2625 801 2676 sinistra

107 2700 166 2757 toe;
188 2709 224 2746 ex
238 2694 337 2760 quihus
351 2708 407 2746 una
420 2708 492 2760 quae
506 2694 677 2761 spectaverit
696 2692 732 2745 ai
745 2697 809 2758 sept

366 1750 447 1802 einde
457 1765 583 1818 proxime
594 1750 789 1802 conisterium:
808 1766 810 1796 ι
