2054 3090
312 173 439 227 LIBER
461 173 513 227 lX.
542 175 626 228 CAP.
644 175 699 229 lll.
854 176 909 235 199:

108 280 196 334 maius
206 279 324 347 spatium
333 277 427 329 mundi
435 293 517 345 quam
526 277 668 330 dimidium
678 280 828 345 procurrit,
838 295 901 348 pro-

110 348 211 402 cedens
227 346 262 397 ad
276 345 520 412 septentrionalem
537 352 652 412 partem.
687 346 710 396 E
725 349 819 399 Tauro
840 364 902 401 cum

109 416 264 484 ingreditur
276 415 303 464 in
320 413 452 464 Geminos
467 413 656 464 exorientibus
666 413 800 482 vergiliis
813 417 902 483 magis

111 484 213 535 crescit
223 496 306 548 supra
315 487 427 542 terram,
437 486 466 531 et
477 486 561 548 auget
571 481 662 547 spatia
673 481 790 533 dierum:
802 481 902 534 deinde

111 568 126 602 e
141 550 265 602 Geminis
280 565 341 599 curn
354 549 407 599 init
426 548 461 598 ad
475 547 622 611 Cancrum,
641 548 690 619 qui
711 549 903 601 brevissimum

110 626 187 670 tenet
201 616 275 668 coeli
288 617 419 683 spatium,
439 631 500 666 cum
519 616 645 682 pervenit
663 618 691 667 in
709 626 815 683 partem
829 624 903 670 octa-

110 685 302 751 vam‚perficit
311 683 460 735 solstitiale
470 689 592 749 tempus,
612 692 640 734 et
649 698 768 751 pergens
777 687 905 751 pervenit

110 754 145 804 ad
157 759 238 818 caput
253 757 281 803 et
293 757 390 816 pectus
401 749 520 812 Leonis,
539 750 613 817 quod
629 765 679 802 cae
686 759 786 870 partes
796 752 903 804 Cancro

110 829 175 872 sunt
184 818 340 870 attributas.
376 821 399 869 ².
420 817 686 884 Expectoroautem
712 820 831 871 ooniset
843 821 904 886 lini-

111 889 161 939 bus
179 887 277 936 Cancri
287 885 362 938 Solis
378 886 483 948 exitus,
500 900 664 952 percurrens
672 887 795 954 reliquas
810 894 904 953 partes

112 955 229 1015 Leonis,
247 953 384 1004 imminuit
401 953 458 1004 diei
474 953 691 1021 magnitudinem
705 960 733 1006 et
747 954 904 1005 circinatio·

111 1025 167 1083 nis,
197 1021 322 1089 reditque
353 1021 383 1070 in
410 1020 588 1071 Geminorum
618 1021 761 1088 aequalem
785 1037 903 1074 cursum.

111 1092 190 1151 'l'unc
208 1103 275 1139 vero
288 1103 304 1138 a
317 1087 413 1138 Leone
429 1089 567 1150 transiens
584 1088 613 1139 in
628 1088 679 1141 Vir
700 1090 770 1140 'nem
791 1103 904 1157 progre-

112 1158 245 1223 diensque
260 1155 294 1206 ad
309 1155 398 1207 sinum
411 1156 497 1206 vestis
514 1157 574 1207 eius
589 1162 687 1208 contra
708 1157 729 1208 't
747 1157 904 1208 circinatio-

112 1240 173 1274 nem
185 1230 214 1274 et
229 1229 330 1290 aequat
342 1238 416 1285 eam,
431 1237 511 1289 quam
522 1223 631 1275 Taurus
646 1221 742 1287 habet,
755 1239 852 1275 cursus
861 1239 903 1275 ra-

110 1293 223 1343 tionem.
258 1291 281 1340 E
299 1289 415 1358 Virgine
429 1296 522 1341 autem
538 1291 720 1370 progrediens
732 1307 787 1410 rqor
806 1292 904 1354 sinum,

111 1360 156 1426 qui
168 1360 243 1409 sinus
254 1357 355 1408 Librae
365 1364 459 1424 partes
469 1356 553 1409 habat
562 1372 683 1424 primas,
694 1359 723 1410 in
757 1359 834 1410 ibrao
843 1375 904 1426 par·

62 1485 64 1492 ,
110 1435 138 1479 te
154 1433 252 1478 octava
260 1425 370 1491 perlicit
379 1425 583 1492 aequinoctium
594 1427 764 1491 autumnale;
783 1427 831 1495 qui
844 1442 904 1478 cur-

111 1512 158 1546 sus
169 1499 268 1561 aequat
278 1504 338 1544 eam
349 1493 571 1556 circinationem,
584 1509 656 1561 quae
665 1493 758 1546 fuerat
766 1495 796 1545 in
802 1495 904 1546 Arietis

110 1563 201 1629 signo.
235 1561 259 1612 3.
279 1560 460 1627 Scorpionem
483 1567 575 1613 autem
598 1577 660 1614 cum
682 1560 733 1615 Sol
760 1562 904 1629 ingressus

110 1630 196 1681 luerit
210 1623 399 1680 occidentibus
409 1627 555 1697 vergiliis,
568 1630 668 1682 minuit
676 1629 905 1698 progrediensad

111 1698 278 1748 meridianas
289 1704 382 1762 partes
392 1696 582 1764 longitudines
592 1697 707 1750 dierum.
742 1697 905 1763 EScorpio·

110 1781 144 1816 ne
164 1780 224 1816 cum
242 1764 429 1830 percurrendo
444 1765 498 1815 init
510 1765 540 1815 in
554 1763 734 1832 Sagittarium
748 1765 784 1815 ad
801 1763 906 1816 femina

110 1834 183 1894 eius,
218 1832 433 1882 contractiorem
466 1831 593 1882 diurnum
622 1832 749 1898 pervolat
785 1846 894 1883 cursum

110 1902 178 1951 Cum
191 1904 283 1949 autem
293 1898 391 1964 incipit
400 1912 417 1947 a
426 1897 575 1950 feminibus
585 1898 744 1968 Sagittarii,
760 1914 830 1966 quae
840 1914 907 1966 pars

110 1974 155 2020 est
170 1965 304 2016 attributa
317 1965 501 2031 Capricorno,
518 1965 553 2016 ad
566 1973 672 2031 partem
689 1973 830 2030 octavam,
843 1967 904 2019 bre-

109 2034 250 2087 vissimum
260 2033 332 2085 coeli
340 2033 477 2099 percurrit
486 2033 613 2100 spatium.
647 2033 904 2086 Exeoabrevitate

111 2104 209 2154 diurna
222 2100 321 2151 bruma
334 2115 367 2151 ac
378 2099 437 2151 dies
451 2100 590 2175 brumales
605 2102 788 2170 appellantur.
821 2102 905 2153 an-

109 2172 239 2238 pricorno
259 2175 351 2219 autem
367 2168 504 2220 mansione
522 2168 551 2219 in
569 2171 717 2240 Aquarium
737 2170 858 2238 adauget
876 2183 905 2221 et

109 2242 247 2304 exaequat
266 2235 411 2316 Sagittarii
429 2235 602 2304 longitudine
626 2238 683 2289 diei
701 2239 829 2305 spatium.
864 2239 903 2289 Ab

108 2305 227 2374 Aquario
242 2319 303 2355 curn
311 2318 456 2371 ingressus
474 2311 518 2356 est
531 2305 560 2354 in
569 2304 666 2358 Pisces
675 2305 800 2357 Favonio
810 2304 903 2366 flante,

110 2372 272 2439 Scorpionis
285 2377 427 2490 comqrarat
439 2372 584 2440 aequalem
597 2389 716 2426 cursum.
734 2417 736 2421 ,
750 2373 793 2425 ltu
807 2371 858 2426 Sol
871 2388 905 2424 ca

109 2442 190 2509 signa
202 2454 342 2508 pervagan
363 2439 477 2491 ocertis
496 2441 666 2508 temporibus
687 2447 772 2509 auget
789 2447 838 2492 aut
855 2441 904 2491 mi-

108 2509 169 2560 nuit
184 2507 288 2558 dierum
299 2513 328 2559 at
340 2505 470 2559 horarum
481 2509 579 2575 spatia.
613 2507 693 2562 Nunc
704 2509 738 2560 de
753 2509 855 2560 ceteris
868 2510 904 2559 si-

110 2575 222 2627 deribus
236 2581 382 2643 quaesunt
396 2575 494 2627 dextra
507 2590 541 2628 ac
560 2577 675 2630 sinistra
692 2591 792 2628 nonam
811 2576 904 2644 signo·

108 2659 168 2695 rum
177 2643 330 2696 meridiana
339 2644 606 2713 septentrionalique
617 2651 696 2713 parte
710 2643 805 2696 mundi
815 2643 904 2696 stellis

108 2711 246 2779 disposita
254 2711 426 2780 figurataque
437 2711 536 2766 dicam.
