<?xml version="1.0" encoding="UTF-8"?>
<!DOCTYPE html PUBLIC "-//W3C//DTD XHTML 1.0 Transitional//EN"
    "http://www.w3.org/TR/xhtml1/DTD/xhtml1-transitional.dtd">
<html xmlns="http://www.w3.org/1999/xhtml" xml:lang="en" lang="en">
 <head>
  <title>
</title>
<meta http-equiv="Content-Type" content="text/html;charset=utf-8" />
  <meta name='ocr-system' content='tesseract 3.04.00' />
  <meta name='ocr-capabilities' content='ocr_page ocr_carea ocr_par ocr_line ocrx_word'/>
</head>
<body>
  <div class='ocr_page' id='page_1' title='image "./dearchitectural00pollgoog_0167.png"; bbox 0 0 2054 3090; ppageno 0'>
   <div class='ocr_carea' id='block_1_1' title="bbox 113 155 722 212">
    <p class='ocr_par' dir='ltr' id='par_1_1' title="bbox 113 155 722 212">
     <span class='ocr_line' id='line_1_1' title="bbox 113 155 722 212; baseline 0.007 -4"><span class='ocrx_word' id='word_1_1' title='bbox 113 156 160 208; x_wconf 78' lang='lat' dir='ltr'>tte</span> <span class='ocrx_word' id='word_1_2' title='bbox 303 155 359 207; x_wconf 75' lang='grc' dir='ltr'>ΒΕ</span> <span class='ocrx_word' id='word_1_3' title='bbox 383 155 722 212; x_wconf 70' lang='lat' dir='ltr'>ARCHITECTURA</span> 
     </span>
    </p>
   </div>
   <div class='ocr_carea' id='block_1_2' title="bbox 385 326 633 381">
    <p class='ocr_par' dir='ltr' id='par_1_2' title="bbox 385 326 633 381">
     <span class='ocr_line' id='line_1_2' title="bbox 385 326 633 381; baseline 0.02 -5"><span class='ocrx_word' id='word_1_4' title='bbox 385 326 525 380; x_wconf 75' lang='lat' dir='ltr'>CAPUT</span> <span class='ocrx_word' id='word_1_5' title='bbox 547 326 633 381; x_wconf 74' lang='lat' dir='ltr'>XIV.</span> 
     </span>
    </p>
   </div>
   <div class='ocr_carea' id='block_1_3' title="bbox 108 424 888 582">
    <p class='ocr_par' dir='ltr' id='par_1_3' title="bbox 108 424 888 582">
     <span class='ocr_line' id='line_1_3' title="bbox 108 424 888 498; baseline 0.009 -21"><span class='ocrx_word' id='word_1_6' title='bbox 108 424 169 479; x_wconf 79' lang='lat' dir='ltr'>(De</span> <span class='ocrx_word' id='word_1_7' title='bbox 191 427 363 479; x_wconf 69' lang='lat' dir='ltr'>celeribus</span> <span class='ocrx_word' id='word_1_8' title='bbox 379 428 437 496; x_wconf 59' lang='grc' dir='ltr'>,εἰ</span> <span class='ocrx_word' id='word_1_9' title='bbox 451 429 630 479; x_wconf 76' lang='grc' dir='ltr'>ἰιίιιιιιι</span> <span class='ocrx_word' id='word_1_10' title='bbox 647 445 859 498; x_wconf 72' lang='lat' dir='ltr'>purpurea,</span> <span class='ocrx_word' id='word_1_11' title='bbox 881 449 888 483; x_wconf 85' lang='grc' dir='ltr'><strong>ι</strong></span> 
     </span>
     <span class='ocr_line' id='line_1_4' title="bbox 175 510 856 582; baseline 0.01 -21"><span class='ocrx_word' id='word_1_12' title='bbox 175 510 337 572; x_wconf 73' lang='lat' dir='ltr'>Atticen,</span> <span class='ocrx_word' id='word_1_13' title='bbox 361 511 605 580; x_wconf 67' lang='lat' dir='ltr'>chrysocolla·</span> <span class='ocrx_word' id='word_1_14' title='bbox 620 521 656 564; x_wconf 83' lang='lat' dir='ltr'>et</span> <span class='ocrx_word' id='word_1_15' title='bbox 669 511 856 582; x_wconf 69' lang='lat' dir='ltr'>Indicum.)</span> 
     </span>
    </p>
   </div>
   <div class='ocr_carea' id='block_1_4' title="bbox 109 613 888 1016">
    <p class='ocr_par' dir='ltr' id='par_1_4' title="bbox 109 613 888 1016">
     <span class='ocr_line' id='line_1_5' title="bbox 159 613 888 680; baseline 0.008 -17"><span class='ocrx_word' id='word_1_16' title='bbox 159 613 245 663; x_wconf 75' lang='lat' dir='ltr'>fiunt</span> <span class='ocrx_word' id='word_1_17' title='bbox 253 614 339 663; x_wconf 73' lang='lat' dir='ltr'>etia·</span> <span class='ocrx_word' id='word_1_18' title='bbox 347 615 481 680; x_wconf 85' lang='lat' dir='ltr'>purpurei</span> <span class='ocrx_word' id='word_1_19' title='bbox 488 615 601 665; x_wconf 82' lang='lat' dir='ltr'>colores</span> <span class='ocrx_word' id='word_1_20' title='bbox 610 613 719 665; x_wconf 76' lang='lat' dir='ltr'>infecta</span> <span class='ocrx_word' id='word_1_21' title='bbox 728 624 815 668; x_wconf 78' lang='lat' dir='ltr'>creta</span> <span class='ocrx_word' id='word_1_22' title='bbox 823 619 888 668; x_wconf 83' lang='lat' dir='ltr'>rubi</span> 
     </span>
     <span class='ocr_line' id='line_1_6' title="bbox 109 678 888 747; baseline 0.008 -16"><span class='ocrx_word' id='word_1_23' title='bbox 109 679 205 731; x_wconf 77' lang='lat' dir='ltr'>radice</span> <span class='ocrx_word' id='word_1_24' title='bbox 216 678 388 747; x_wconf 74' lang='lat' dir='ltr'>ethysgino5</span> <span class='ocrx_word' id='word_1_25' title='bbox 407 695 463 730; x_wconf 88' lang='lat' dir='ltr'>non</span> <span class='ocrx_word' id='word_1_26' title='bbox 479 682 571 732; x_wconf 75' lang='lat' dir='ltr'>ninus</span> <span class='ocrx_word' id='word_1_27' title='bbox 585 690 616 732; x_wconf 87' lang='lat' dir='ltr'>et</span> <span class='ocrx_word' id='word_1_28' title='bbox 629 697 665 732; x_wconf 82' lang='lat' dir='ltr'>ex</span> <span class='ocrx_word' id='word_1_29' title='bbox 679 681 888 736; x_wconf 76' lang='lat' dir='ltr'>floribusaliie</span> 
     </span>
     <span class='ocr_line' id='line_1_7' title="bbox 111 746 888 814; baseline 0.008 -17"><span class='ocrx_word' id='word_1_30' title='bbox 111 749 195 797; x_wconf 86' lang='lat' dir='ltr'>iores.</span> <span class='ocrx_word' id='word_1_31' title='bbox 231 746 328 814; x_wconf 79' lang='lat' dir='ltr'>itaque</span> <span class='ocrx_word' id='word_1_32' title='bbox 342 756 466 798; x_wconf 85' lang='lat' dir='ltr'>tectores</span> <span class='ocrx_word' id='word_1_33' title='bbox 480 762 544 799; x_wconf 75' lang='lat' dir='ltr'>cun</span> <span class='ocrx_word' id='word_1_34' title='bbox 557 749 656 800; x_wconf 83' lang='lat' dir='ltr'>roiuat</span> <span class='ocrx_word' id='word_1_35' title='bbox 669 749 707 799; x_wconf 90' lang='lat' dir='ltr'>sil</span> <span class='ocrx_word' id='word_1_36' title='bbox 714 752 845 802; x_wconf 76' lang='lat' dir='ltr'>Atticum</span> <span class='ocrx_word' id='word_1_37' title='bbox 860 753 888 803; x_wconf 82' lang='lat' dir='ltr'>is</span> 
     </span>
     <span class='ocr_line' id='line_1_8' title="bbox 109 814 888 886; baseline 0.006 -21"><span class='ocrx_word' id='word_1_38' title='bbox 109 815 181 875; x_wconf 84' lang='lat' dir='ltr'>tari,</span> <span class='ocrx_word' id='word_1_39' title='bbox 201 814 305 865; x_wconf 70' lang='lat' dir='ltr'>riulan</span> <span class='ocrx_word' id='word_1_40' title='bbox 319 814 426 864; x_wconf 70' lang='lat' dir='ltr'>aridam</span> <span class='ocrx_word' id='word_1_41' title='bbox 439 816 623 866; x_wconf 82' lang='lat' dir='ltr'>oouiicientes</span> <span class='ocrx_word' id='word_1_42' title='bbox 634 817 665 866; x_wconf 83' lang='lat' dir='ltr'>in</span> <span class='ocrx_word' id='word_1_43' title='bbox 679 831 731 867; x_wconf 81' lang='lat' dir='ltr'>ras</span> <span class='ocrx_word' id='word_1_44' title='bbox 750 834 817 869; x_wconf 80' lang='lat' dir='ltr'>cun</span> <span class='ocrx_word' id='word_1_45' title='bbox 839 835 888 886; x_wconf 84' lang='lat' dir='ltr'>aqu</span> 
     </span>
     <span class='ocr_line' id='line_1_9' title="bbox 111 881 888 949; baseline 0.005 -16"><span class='ocrx_word' id='word_1_46' title='bbox 111 881 324 933; x_wconf 69' lang='lat' dir='ltr'>consenescere</span> <span class='ocrx_word' id='word_1_47' title='bbox 342 881 451 932; x_wconf 84' lang='lat' dir='ltr'>iaciunt</span> <span class='ocrx_word' id='word_1_48' title='bbox 467 881 504 932; x_wconf 84' lang='lat' dir='ltr'>ad</span> <span class='ocrx_word' id='word_1_49' title='bbox 522 884 629 949; x_wconf 68' lang='lat' dir='ltr'>igneum</span> <span class='ocrx_word' id='word_1_50' title='bbox 654 882 759 934; x_wconf 87' lang='lat' dir='ltr'>deinde</span> <span class='ocrx_word' id='word_1_51' title='bbox 786 902 853 936; x_wconf 81' lang='lat' dir='ltr'>eum</span> <span class='ocrx_word' id='word_1_52' title='bbox 877 901 888 936; x_wconf 83' lang='lat' dir='ltr'>e</span> 
     </span>
     <span class='ocr_line' id='line_1_10' title="bbox 112 950 888 1016; baseline 0.004 -16"><span class='ocrx_word' id='word_1_53' title='bbox 112 957 309 1016; x_wconf 82' lang='lat' dir='ltr'>temperatum,</span> <span class='ocrx_word' id='word_1_54' title='bbox 324 950 514 1000; x_wconf 87' lang='lat' dir='ltr'>coniiciuntin</span> <span class='ocrx_word' id='word_1_55' title='bbox 524 950 654 1012; x_wconf 78' lang='lat' dir='ltr'>linteum,</span> <span class='ocrx_word' id='word_1_56' title='bbox 669 951 776 1002; x_wconf 83' lang='lat' dir='ltr'>etinde</span> <span class='ocrx_word' id='word_1_57' title='bbox 791 953 888 1003; x_wconf 71' lang='lat' dir='ltr'>mamis</span> 
     </span>
    </p>
   </div>
   <div class='ocr_carea' id='block_1_5' title="bbox 113 1016 888 1083">
    <p class='ocr_par' dir='ltr' id='par_1_5' title="bbox 113 1016 888 1083">
     <span class='ocr_line' id='line_1_11' title="bbox 113 1016 888 1083; baseline 0.003 -15"><span class='ocrx_word' id='word_1_58' title='bbox 113 1032 146 1068; x_wconf 85' lang='lat' dir='ltr'>ex</span> <span class='ocrx_word' id='word_1_59' title='bbox 167 1019 299 1068; x_wconf 85' lang='lat' dir='ltr'>rimentes</span> <span class='ocrx_word' id='word_1_60' title='bbox 309 1016 449 1083; x_wconf 84' lang='lat' dir='ltr'>recipiunt</span> <span class='ocrx_word' id='word_1_61' title='bbox 457 1018 485 1066; x_wconf 86' lang='lat' dir='ltr'>in</span> <span class='ocrx_word' id='word_1_62' title='bbox 493 1018 657 1068; x_wconf 79' lang='lat' dir='ltr'>mortarium</span> <span class='ocrx_word' id='word_1_63' title='bbox 671 1032 773 1083; x_wconf 83' lang='lat' dir='ltr'>aquarn</span> <span class='ocrx_word' id='word_1_64' title='bbox 788 1035 828 1072; x_wconf 82' lang='lat' dir='ltr'>ex</span> <span class='ocrx_word' id='word_1_65' title='bbox 837 1021 888 1070; x_wconf 83' lang='lat' dir='ltr'>riol</span> 
     </span>
    </p>
   </div>
   <div class='ocr_carea' id='block_1_6' title="bbox 112 1033 889 1556">
    <p class='ocr_par' dir='ltr' id='par_1_6' title="bbox 112 1033 889 1556">
     <span class='ocr_line' id='line_1_12' title="bbox 112 1033 889 1145; baseline 0.004 -10"><span class='ocrx_word' id='word_1_66' title='bbox 112 1033 279 1145; x_wconf 57' lang='lat' dir='ltr'>cornutam,</span> <span class='ocrx_word' id='word_1_67' title='bbox 291 1092 320 1135; x_wconf 89' lang='lat' dir='ltr'>et</span> <span class='ocrx_word' id='word_1_68' title='bbox 329 1098 364 1135; x_wconf 90' lang='lat' dir='ltr'>eo</span> <span class='ocrx_word' id='word_1_69' title='bbox 374 1091 479 1135; x_wconf 82' lang='lat' dir='ltr'>cretam</span> <span class='ocrx_word' id='word_1_70' title='bbox 491 1083 669 1135; x_wconf 72' lang='lat' dir='ltr'>infundentes</span> <span class='ocrx_word' id='word_1_71' title='bbox 679 1093 709 1134; x_wconf 87' lang='lat' dir='ltr'>et</span> <span class='ocrx_word' id='word_1_72' title='bbox 717 1100 782 1136; x_wconf 83' lang='lat' dir='ltr'>earn</span> <span class='ocrx_word' id='word_1_73' title='bbox 792 1094 889 1137; x_wconf 83' lang='lat' dir='ltr'>terent</span> 
     </span>
     <span class='ocr_line' id='line_1_13' title="bbox 113 1151 888 1205; baseline 0.003 -2"><span class='ocrx_word' id='word_1_74' title='bbox 113 1153 237 1204; x_wconf 75' lang='lat' dir='ltr'>efficiunt</span> <span class='ocrx_word' id='word_1_75' title='bbox 258 1152 320 1202; x_wconf 84' lang='lat' dir='ltr'>silis</span> <span class='ocrx_word' id='word_1_76' title='bbox 347 1152 433 1202; x_wconf 81' lang='lat' dir='ltr'>Attici</span> <span class='ocrx_word' id='word_1_77' title='bbox 458 1151 592 1202; x_wconf 90' lang='lat' dir='ltr'>colorem.</span> <span class='ocrx_word' id='word_1_78' title='bbox 627 1154 652 1202; x_wconf 82' lang='lat'>2.</span> <span class='ocrx_word' id='word_1_79' title='bbox 669 1151 778 1203; x_wconf 82' lang='lat' dir='ltr'>Eadem</span> <span class='ocrx_word' id='word_1_80' title='bbox 807 1155 888 1205; x_wconf 70' lang='lat' dir='ltr'>ratio]</span> 
     </span>
     <span class='ocr_line' id='line_1_14' title="bbox 114 1218 888 1287; baseline 0.004 -18"><span class='ocrx_word' id='word_1_81' title='bbox 114 1221 268 1272; x_wconf 78' lang='lat' dir='ltr'>vaccinium</span> <span class='ocrx_word' id='word_1_82' title='bbox 285 1225 473 1286; x_wconf 72' lang='lat' dir='ltr'>temperantes</span> <span class='ocrx_word' id='word_1_83' title='bbox 492 1227 521 1269; x_wconf 90' lang='lat' dir='ltr'>et</span> <span class='ocrx_word' id='word_1_84' title='bbox 537 1218 582 1269; x_wconf 84' lang='lat' dir='ltr'>lae</span> <span class='ocrx_word' id='word_1_85' title='bbox 600 1219 752 1270; x_wconf 77' lang='lat' dir='ltr'>miscentes</span> <span class='ocrx_word' id='word_1_86' title='bbox 767 1235 888 1287; x_wconf 82' lang='lat' dir='ltr'>purpura</span> 
     </span>
     <span class='ocr_line' id='line_1_15' title="bbox 114 1286 888 1355; baseline 0.001 -18"><span class='ocrx_word' id='word_1_87' title='bbox 114 1286 221 1338; x_wconf 80' lang='lat' dir='ltr'>iaciunt</span> <span class='ocrx_word' id='word_1_88' title='bbox 235 1287 402 1354; x_wconf 76' lang='lat' dir='ltr'>elegantem.</span> <span class='ocrx_word' id='word_1_89' title='bbox 438 1286 507 1336; x_wconf 88' lang='lat' dir='ltr'>item</span> <span class='ocrx_word' id='word_1_90' title='bbox 521 1287 568 1352; x_wconf 90' lang='lat' dir='ltr'>qui</span> <span class='ocrx_word' id='word_1_91' title='bbox 587 1301 642 1337; x_wconf 93' lang='lat' dir='ltr'>non</span> <span class='ocrx_word' id='word_1_92' title='bbox 661 1294 782 1352; x_wconf 92' lang='lat' dir='ltr'>possunt</span> <span class='ocrx_word' id='word_1_93' title='bbox 800 1286 888 1355; x_wconf 81' lang='lat' dir='ltr'>chrys</span> 
     </span>
     <span class='ocr_line' id='line_1_16' title="bbox 114 1352 888 1419; baseline 0.001 -15"><span class='ocrx_word' id='word_1_94' title='bbox 114 1353 190 1404; x_wconf 85' lang='lat' dir='ltr'>eolla</span> <span class='ocrx_word' id='word_1_95' title='bbox 201 1361 317 1419; x_wconf 88' lang='lat' dir='ltr'>propter</span> <span class='ocrx_word' id='word_1_96' title='bbox 330 1354 475 1403; x_wconf 88' lang='lat' dir='ltr'>caritatem</span> <span class='ocrx_word' id='word_1_97' title='bbox 490 1353 545 1416; x_wconf 90' lang='lat' dir='ltr'>uti,</span> <span class='ocrx_word' id='word_1_98' title='bbox 565 1352 665 1415; x_wconf 82' lang='lat' dir='ltr'>herba,</span> <span class='ocrx_word' id='word_1_99' title='bbox 680 1368 752 1419; x_wconf 86' lang='lat' dir='ltr'>quae</span> <span class='ocrx_word' id='word_1_100' title='bbox 767 1354 859 1405; x_wconf 89' lang='lat' dir='ltr'>lutum</span> <span class='ocrx_word' id='word_1_101' title='bbox 872 1370 888 1405; x_wconf 85' lang='lat' dir='ltr'>a</span> 
     </span>
     <span class='ocr_line' id='line_1_17' title="bbox 114 1419 888 1487; baseline 0.003 -17"><span class='ocrx_word' id='word_1_102' title='bbox 114 1420 247 1487; x_wconf 74' lang='lat' dir='ltr'>peilatus,</span> <span class='ocrx_word' id='word_1_103' title='bbox 262 1419 419 1470; x_wconf 86' lang='lat' dir='ltr'>caeruleum</span> <span class='ocrx_word' id='word_1_104' title='bbox 431 1420 572 1483; x_wconf 82' lang='lat' dir='ltr'>inficiunt,</span> <span class='ocrx_word' id='word_1_105' title='bbox 582 1428 613 1471; x_wconf 92' lang='lat' dir='ltr'>et</span> <span class='ocrx_word' id='word_1_106' title='bbox 619 1427 736 1471; x_wconf 88' lang='lat' dir='ltr'>utuntur</span> <span class='ocrx_word' id='word_1_107' title='bbox 742 1421 888 1472; x_wconf 82' lang='lat' dir='ltr'>viridissin</span> 
     </span>
     <span class='ocr_line' id='line_1_18' title="bbox 114 1483 889 1556; baseline 0.001 -19"><span class='ocrx_word' id='word_1_108' title='bbox 114 1486 223 1539; x_wconf 82' lang='lat' dir='ltr'>colore:</span> <span class='ocrx_word' id='word_1_109' title='bbox 243 1483 312 1537; x_wconf 80' lang='lat' dir='ltr'>haec</span> <span class='ocrx_word' id='word_1_110' title='bbox 323 1494 414 1537; x_wconf 87' lang='lat' dir='ltr'>autem</span> <span class='ocrx_word' id='word_1_111' title='bbox 424 1486 559 1538; x_wconf 78' lang='lat' dir='ltr'>infectiva</span> <span class='ocrx_word' id='word_1_112' title='bbox 568 1487 733 1554; x_wconf 83' lang='lat' dir='ltr'>appellatur.</span> <span class='ocrx_word' id='word_1_113' title='bbox 769 1488 841 1539; x_wconf 89' lang='lat' dir='ltr'>item</span> <span class='ocrx_word' id='word_1_114' title='bbox 856 1503 889 1556; x_wconf 92' lang='lat' dir='ltr'>pr</span> 
     </span>
    </p>
   </div>
   <div class='ocr_carea' id='block_1_7' title="bbox 114 1553 888 1741">
    <p class='ocr_par' dir='ltr' id='par_1_7' title="bbox 114 1553 888 1741">
     <span class='ocr_line' id='line_1_19' title="bbox 115 1553 888 1621; baseline 0.001 -16"><span class='ocrx_word' id='word_1_115' title='bbox 115 1559 177 1621; x_wconf 85' lang='lat' dir='ltr'>pter</span> <span class='ocrx_word' id='word_1_116' title='bbox 194 1553 315 1619; x_wconf 85' lang='lat' dir='ltr'>inopiam</span> <span class='ocrx_word' id='word_1_117' title='bbox 336 1553 423 1604; x_wconf 89' lang='lat' dir='ltr'>indici</span> <span class='ocrx_word' id='word_1_118' title='bbox 444 1561 548 1605; x_wconf 75' lang='lat' dir='ltr'>cretam</span> <span class='ocrx_word' id='word_1_119' title='bbox 568 1553 737 1606; x_wconf 86' lang='lat' dir='ltr'>Selinusiam</span> <span class='ocrx_word' id='word_1_120' title='bbox 756 1564 807 1605; x_wconf 84' lang='lat' dir='ltr'>aut</span> <span class='ocrx_word' id='word_1_121' title='bbox 823 1555 888 1606; x_wconf 90' lang='lat' dir='ltr'>anul</span> 
     </span>
     <span class='ocr_line' id='line_1_20' title="bbox 115 1620 888 1688; baseline 0.003 -17"><span class='ocrx_word' id='word_1_122' title='bbox 115 1621 184 1671; x_wconf 81' lang='lat' dir='ltr'>riam</span> <span class='ocrx_word' id='word_1_123' title='bbox 193 1620 281 1682; x_wconf 82' lang='lat' dir='ltr'>vitro,</span> <span class='ocrx_word' id='word_1_124' title='bbox 292 1620 367 1687; x_wconf 89' lang='lat' dir='ltr'>quod</span> <span class='ocrx_word' id='word_1_125' title='bbox 377 1620 479 1672; x_wconf 84' lang='lat' dir='ltr'>Graeci</span> <span class='ocrx_word' id='word_1_126' title='bbox 489 1624 573 1670; x_wconf 72' lang='lat' dir='ltr'>tonsas</span> <span class='ocrx_word' id='word_1_127' title='bbox 582 1622 738 1688; x_wconf 87' lang='lat' dir='ltr'>appellant,</span> <span class='ocrx_word' id='word_1_128' title='bbox 748 1622 888 1673; x_wconf 84' lang='lat' dir='ltr'>inficiente</span> 
     </span>
     <span class='ocr_line' id='line_1_21' title="bbox 114 1686 638 1741; baseline 0.004 -3"><span class='ocrx_word' id='word_1_129' title='bbox 114 1686 297 1740; x_wconf 86' lang='lat' dir='ltr'>imitationem</span> <span class='ocrx_word' id='word_1_130' title='bbox 308 1687 415 1740; x_wconf 80' lang='lat' dir='ltr'>iaciunt</span> <span class='ocrx_word' id='word_1_131' title='bbox 424 1688 511 1739; x_wconf 90' lang='lat' dir='ltr'>indici</span> <span class='ocrx_word' id='word_1_132' title='bbox 523 1688 638 1741; x_wconf 85' lang='lat' dir='ltr'>eoloris.</span> 
     </span>
    </p>
   </div>
   <div class='ocr_carea' id='block_1_8' title="bbox 115 1788 888 2462">
    <p class='ocr_par' dir='ltr' id='par_1_8' title="bbox 115 1788 888 2462">
     <span class='ocr_line' id='line_1_22' title="bbox 165 1788 888 1854; baseline -0.003 -13"><span class='ocrx_word' id='word_1_133' title='bbox 165 1789 190 1841; x_wconf 75' lang='lat'>2.</span> <span class='ocrx_word' id='word_1_134' title='bbox 209 1788 317 1850; x_wconf 74' lang='lat' dir='ltr'>Quibus</span> <span class='ocrx_word' id='word_1_135' title='bbox 331 1789 488 1840; x_wconf 83' lang='lat' dir='ltr'>rationibus</span> <span class='ocrx_word' id='word_1_136' title='bbox 505 1795 535 1840; x_wconf 89' lang='lat' dir='ltr'>et</span> <span class='ocrx_word' id='word_1_137' title='bbox 546 1788 631 1840; x_wconf 88' lang='lat' dir='ltr'>rebus</span> <span class='ocrx_word' id='word_1_138' title='bbox 646 1788 683 1839; x_wconf 84' lang='lat' dir='ltr'>ad</span> <span class='ocrx_word' id='word_1_139' title='bbox 701 1788 888 1854; x_wconf 78' lang='lat' dir='ltr'>dispositione</span> 
     </span>
     <span class='ocr_line' id='line_1_23' title="bbox 116 1856 888 1924; baseline -0.004 -15"><span class='ocrx_word' id='word_1_140' title='bbox 116 1857 233 1909; x_wconf 76' lang='lat' dir='ltr'>tirmiter</span> <span class='ocrx_word' id='word_1_141' title='bbox 245 1856 400 1924; x_wconf 83' lang='lat' dir='ltr'>quibusque</span> <span class='ocrx_word' id='word_1_142' title='bbox 419 1856 537 1908; x_wconf 79' lang='lat' dir='ltr'>decoras</span> <span class='ocrx_word' id='word_1_143' title='bbox 548 1862 683 1922; x_wconf 73' lang='lat' dir='ltr'>oporteat</span> <span class='ocrx_word' id='word_1_144' title='bbox 701 1856 762 1906; x_wconf 81' lang='lat' dir='ltr'>fieri</span> <span class='ocrx_word' id='word_1_145' title='bbox 782 1856 888 1921; x_wconf 79' lang='lat' dir='ltr'>picture</span> 
     </span>
     <span class='ocr_line' id='line_1_24' title="bbox 115 1922 888 1989; baseline -0.001 -14"><span class='ocrx_word' id='word_1_146' title='bbox 115 1925 182 1977; x_wconf 87' lang='lat' dir='ltr'>item</span> <span class='ocrx_word' id='word_1_147' title='bbox 220 1939 270 1975; x_wconf 87' lang='lat' dir='ltr'>uas</span> <span class='ocrx_word' id='word_1_148' title='bbox 286 1922 407 1974; x_wconf 79' lang='lat' dir='ltr'>habeant</span> <span class='ocrx_word' id='word_1_149' title='bbox 421 1938 516 1974; x_wconf 88' lang='lat' dir='ltr'>omues</span> <span class='ocrx_word' id='word_1_150' title='bbox 532 1923 643 1974; x_wconf 82' lang='lat' dir='ltr'>colores</span> <span class='ocrx_word' id='word_1_151' title='bbox 662 1924 691 1973; x_wconf 91' lang='lat' dir='ltr'>in</span> <span class='ocrx_word' id='word_1_152' title='bbox 704 1938 736 1974; x_wconf 89' lang='lat' dir='ltr'>se</span> <span class='ocrx_word' id='word_1_153' title='bbox 749 1928 888 1989; x_wconf 75' lang='lat' dir='ltr'>potestate</span> 
     </span>
     <span class='ocr_line' id='line_1_25' title="bbox 116 1940 888 2107; baseline -0.004 -65"><span class='ocrx_word' id='word_1_154' title='bbox 116 1998 146 2043; x_wconf 89' lang='lat' dir='ltr'>ut</span> <span class='ocrx_word' id='word_1_155' title='bbox 165 1940 231 2042; x_wconf 49' lang='lat' dir='ltr'>mizi</span> <span class='ocrx_word' id='word_1_156' title='bbox 251 2005 414 2043; x_wconf 88' lang='lat' dir='ltr'>succurrere</span> <span class='ocrx_word' id='word_1_157' title='bbox 424 1991 516 2057; x_wconf 89' lang='lat' dir='ltr'>potuit</span> <span class='ocrx_word' id='word_1_158' title='bbox 532 1990 561 2040; x_wconf 88' lang='lat' dir='ltr'>in</span> <span class='ocrx_word' id='word_1_159' title='bbox 581 1987 636 2041; x_wconf 80' lang='lat' dir='ltr'>hoo</span> <span class='ocrx_word' id='word_1_160' title='bbox 659 1989 732 2040; x_wconf 86' lang='lat' dir='ltr'>libro</span> <span class='ocrx_word' id='word_1_161' title='bbox 755 1990 888 2107; x_wconf 50' lang='lat' dir='ltr'>perscrip</span> 
     </span>
     <span class='ocr_line' id='line_1_26' title="bbox 117 2054 872 2124; baseline -0.001 -16"><span class='ocrx_word' id='word_1_162' title='bbox 117 2056 127 2108; x_wconf 90' lang='lat' dir='ltr'>i</span> <span class='ocrx_word' id='word_1_163' title='bbox 176 2073 212 2110; x_wconf 88' lang='lat' dir='ltr'>ue</span> <span class='ocrx_word' id='word_1_164' title='bbox 229 2073 325 2110; x_wconf 88' lang='lat' dir='ltr'>omnes</span> <span class='ocrx_word' id='word_1_165' title='bbox 336 2058 527 2109; x_wconf 81' lang='lat' dir='ltr'>aedificiorum</span> <span class='ocrx_word' id='word_1_166' title='bbox 537 2056 727 2124; x_wconf 83' lang='lat' dir='ltr'>perfectiones</span> <span class='ocrx_word' id='word_1_167' title='bbox 738 2071 819 2124; x_wconf 89' lang='lat' dir='ltr'>quam</span> <span class='ocrx_word' id='word_1_168' title='bbox 832 2054 872 2107; x_wconf 83' lang='lat' dir='ltr'>ha</span> 
     </span>
     <span class='ocr_line' id='line_1_27' title="bbox 116 2124 888 2193; baseline -0.004 -17"><span class='ocrx_word' id='word_1_169' title='bbox 116 2139 146 2175; x_wconf 88' lang='lat' dir='ltr'>re</span> <span class='ocrx_word' id='word_1_170' title='bbox 181 2125 282 2176; x_wconf 87' lang='lat' dir='ltr'>ebeant</span> <span class='ocrx_word' id='word_1_171' title='bbox 297 2125 532 2193; x_wconf 80' lang='lat' dir='ltr'>opportunitatem</span> <span class='ocrx_word' id='word_1_172' title='bbox 551 2124 790 2186; x_wconf 86' lang='lat' dir='ltr'>ratiocinationis,</span> <span class='ocrx_word' id='word_1_173' title='bbox 809 2129 888 2190; x_wconf 87' lang='lat' dir='ltr'>septe</span> 
     </span>
     <span class='ocr_line' id='line_1_28' title="bbox 117 2189 888 2259; baseline -0.001 -18"><span class='ocrx_word' id='word_1_174' title='bbox 117 2190 304 2242; x_wconf 84' lang='lat' dir='ltr'>voluminibus</span> <span class='ocrx_word' id='word_1_175' title='bbox 314 2199 379 2244; x_wconf 89' lang='lat' dir='ltr'>sunt</span> <span class='ocrx_word' id='word_1_176' title='bbox 386 2192 493 2243; x_wconf 86' lang='lat' dir='ltr'>iinitae=</span> <span class='ocrx_word' id='word_1_177' title='bbox 510 2192 539 2243; x_wconf 88' lang='lat' dir='ltr'>in</span> <span class='ocrx_word' id='word_1_178' title='bbox 550 2192 679 2259; x_wconf 90' lang='lat' dir='ltr'>sequenti</span> <span class='ocrx_word' id='word_1_179' title='bbox 687 2197 780 2242; x_wconf 84' lang='lat' dir='ltr'>autem</span> <span class='ocrx_word' id='word_1_180' title='bbox 790 2189 826 2242; x_wconf 87' lang='lat' dir='ltr'>de</span> <span class='ocrx_word' id='word_1_181' title='bbox 837 2205 888 2258; x_wconf 85' lang='lat' dir='ltr'>squ</span> 
     </span>
     <span class='ocr_line' id='line_1_29' title="bbox 117 2256 888 2327; baseline 0.001 -21"><span class='ocrx_word' id='word_1_182' title='bbox 117 2256 141 2307; x_wconf 88' lang='lat' dir='ltr'>si</span> <span class='ocrx_word' id='word_1_183' title='bbox 157 2256 257 2327; x_wconf 87' lang='lat' dir='ltr'>quibus</span> <span class='ocrx_word' id='word_1_184' title='bbox 274 2257 346 2310; x_wconf 85' lang='lat' dir='ltr'>iocis</span> <span class='ocrx_word' id='word_1_185' title='bbox 362 2275 418 2310; x_wconf 89' lang='lat' dir='ltr'>non</span> <span class='ocrx_word' id='word_1_186' title='bbox 431 2257 529 2322; x_wconf 80' lang='lat' dir='ltr'>fuerit,</span> <span class='ocrx_word' id='word_1_187' title='bbox 549 2258 780 2327; x_wconf 79' lang='lat' dir='ltr'>quemadmodum</span> <span class='ocrx_word' id='word_1_188' title='bbox 794 2256 888 2308; x_wconf 82' lang='lat' dir='ltr'>inveni</span> 
     </span>
     <span class='ocr_line' id='line_1_30' title="bbox 116 2323 876 2394; baseline 0.003 -20"><span class='ocrx_word' id='word_1_189' title='bbox 116 2328 175 2389; x_wconf 88' lang='lat' dir='ltr'>tur,</span> <span class='ocrx_word' id='word_1_190' title='bbox 195 2330 224 2377; x_wconf 87' lang='lat' dir='ltr'>et</span> <span class='ocrx_word' id='word_1_191' title='bbox 241 2339 295 2392; x_wconf 84' lang='lat' dir='ltr'>qus</span> <span class='ocrx_word' id='word_1_192' title='bbox 314 2326 423 2378; x_wconf 81' lang='lat' dir='ltr'>ratione</span> <span class='ocrx_word' id='word_1_193' title='bbox 438 2325 597 2389; x_wconf 81' lang='lat' dir='ltr'>inducsun,</span> <span class='ocrx_word' id='word_1_194' title='bbox 617 2326 716 2394; x_wconf 87' lang='lat' dir='ltr'>quibus</span> <span class='ocrx_word' id='word_1_195' title='bbox 736 2339 772 2377; x_wconf 87' lang='lat' dir='ltr'>ue</span> <span class='ocrx_word' id='word_1_196' title='bbox 790 2323 876 2376; x_wconf 86' lang='lat' dir='ltr'>rebus</span> 
     </span>
     <span class='ocr_line' id='line_1_31' title="bbox 116 2391 775 2462; baseline 0.005 -19"><span class='ocrx_word' id='word_1_197' title='bbox 116 2392 171 2445; x_wconf 83' lang='lat' dir='ltr'>erit</span> <span class='ocrx_word' id='word_1_198' title='bbox 180 2391 300 2446; x_wconf 80' lang='lat' dir='ltr'>salubris</span> <span class='ocrx_word' id='word_1_199' title='bbox 312 2400 341 2445; x_wconf 86' lang='lat' dir='ltr'>st</span> <span class='ocrx_word' id='word_1_200' title='bbox 349 2394 452 2445; x_wconf 82' lang='lat' dir='ltr'>idonea</span> <span class='ocrx_word' id='word_1_201' title='bbox 460 2392 607 2460; x_wconf 79' lang='lat' dir='ltr'>probetur,</span> <span class='ocrx_word' id='word_1_202' title='bbox 618 2393 728 2462; x_wconf 85' lang='lat' dir='ltr'>explica</span> <span class='ocrx_word' id='word_1_203' title='bbox 747 2407 775 2446; x_wconf 88' lang='lat' dir='ltr'>o.</span> 
     </span>
    </p>
   </div>
   <div class='ocr_carea' id='block_1_9' title="bbox 0 0 1041 3090">
    <p class='ocr_par' dir='ltr' id='par_1_9' title="bbox 0 0 1041 3090">
     <span class='ocr_line' id='line_1_32' title="bbox 0 0 1041 3090; baseline 0 0"><span class='ocrx_word' id='word_1_204' title='bbox 0 0 1041 3090; x_wconf 95' lang='lat' dir='ltr'> </span> 
     </span>
    </p>
   </div>
  </div>
 </body>
</html>
