2054 3090
316 192 445 244 moun
457 192 518 245 all.
546 193 632 247 oaxl’.
650 193 706 246 lbl.
883 188 917 244 db

107 295 223 347 summis
234 294 425 346 columnarum
434 293 655 362 hypotracheliis
662 296 703 346 ita
710 293 863 344 ¹iniciendae
875 293 913 343 vi·

109 362 222 424 dentur,
238 361 280 412 uti
294 361 320 412 si
335 361 465 413 columna
474 360 511 413 sit
522 360 555 412 ab
570 361 684 413 minimo
695 360 731 412 ad
740 356 826 427 pedes
836 361 913 428 quin·
995 418 996 422 Ἰ

109 431 210 492 denos,
226 428 284 479 ima
293 427 451 481 crassitudo
463 426 603 480 dividatur
612 429 640 479 in
652 434 745 496 partes
757 442 816 489 sex,
830 433 859 478 et
869 442 913 478 ea-

106 512 166 547 rum
176 495 296 563 partium
309 497 428 563 quinque
440 511 546 547 smnma
555 496 754 548 constituatur:
765 495 914 562 itemquae

108 564 162 614 erit
177 563 211 614 ab
228 562 385 630 quindecim
400 563 517 631 pedibus
532 563 568 614 ad
583 561 669 630 pedes
685 563 798 630 viginti,
814 577 914 628 scapus
952 592 956 599 ·

108 633 180 683 imus
190 630 219 680 in
230 636 324 697 partes
335 646 385 681 sex
395 636 424 680 et
434 631 577 682 semissem
589 630 741 693 dividatur,
758 645 794 681 cx
809 644 914 680 earnm-

109 713 162 765 que
177 697 297 764 partium
313 697 433 764 quinque
449 703 478 748 ct
486 698 627 749 semisses
647 699 743 765 perior
758 695 914 748 crassitudo

110 764 256 835 columnae
268 764 328 815 fiat:
339 765 488 844 itemquae
500 764 555 816 erit
564 780 581 817 a
589 780 623 831 pe
647 765 706 816 'bus
716 764 816 832 viginti
828 763 914 830 adpe-

110 833 159 884 des
170 831 300 899 triginta,
316 847 416 898 scapus
426 848 497 883 rmus
506 832 645 883 dividatur
654 833 683 883 in
692 836 787 898 partes
798 837 915 898 septem,

94 946 97 950 Α
110 913 260 966 earumque
271 913 321 950 sex
336 910 443 950 sumana
455 905 634 950 contractura
644 899 824 966 perficiatur:
844 911 915 964 quae

110 972 203 1017 autern
217 966 251 1016 ab
266 967 304 1016 tri
327 966 384 1017 ‘nta
396 963 513 1032 pedibus
530 965 566 1017 ad
580 967 765 1034 quadraginta
778 965 836 1016 alta
853 963 915 1024 erit,

110 1036 167 1084 ima
180 1034 300 1086 crassitu
321 1047 337 1084 o
354 1033 493 1085 dividatur
510 1033 540 1083 in
552 1039 646 1099 partes
666 1039 774 1098 septem
794 1037 824 1082 et
838 1030 917 1080 dimi·

112 1100 199 1162 diam,
215 1114 251 1152 ex
265 1099 309 1151 his
323 1116 375 1153 sex
389 1106 417 1151 et
429 1100 573 1156 dimidiam
581 1098 611 1150 in
622 1115 729 1151 summo
741 1097 844 1148 habeat
853 1113 915 1148 con-

111 1174 253 1220 tracturae
267 1168 386 1219 ratione.
424 1165 502 1228 Quae
519 1174 600 1218 erunt
614 1181 632 1217 a
646 1165 832 1233 qnadraginta
841 1165 917 1231 pedi-

111 1235 163 1286 bus
179 1235 215 1285 ad
230 1233 445 1302 quinquaginta,
464 1235 531 1285 item
548 1232 714 1296 dividendae
729 1232 837 1284 suntin
852 1237 917 1285 octo

128 1308 206 1354 artes
213 1339 220 1365 ,
237 1307 266 1352 et
276 1317 370 1352 earum
383 1307 491 1369 septem
500 1301 529 1352 in
538 1315 646 1364 summo
658 1314 742 1367 scapo
753 1300 805 1352 sub
814 1299 918 1367 capitu·

110 1319 141 1422 io
153 1368 365 1422 contrahantur:
386 1368 453 1420 item
465 1368 490 1422 si
500 1383 570 1436 quae
582 1368 698 1420 altiores
709 1373 803 1431 erunt,
820 1369 918 1419 eadem

113 1437 222 1489 ratione
230 1451 281 1503 pro
292 1441 355 1487 rata
364 1437 570 1492 constituantur
580 1441 783 1488 contracturae.
803 1435 843 1488 it.
855 1435 918 1486 llao

113 1511 205 1556 autem
231 1509 346 1571 propter
370 1503 526 1556 altitudinis
556 1505 734 1556 intervallum
758 1504 918 1555 scandentis

114 1572 190 1623 oculi
204 1570 327 1638 speciem
342 1566 512 1624 adiiciuntur
531 1571 763 1624 crassitudinibus
782 1576 919 1638 tempera-

112 1646 205 1691 turae:
231 1643 405 1690 venustatem
417 1641 490 1691 enim
498 1640 676 1706 persequitur
689 1639 779 1702 visus3
806 1639 884 1689 cuins
895 1637 919 1688 si

114 1722 169 1758 non
182 1705 341 1757 blandimur
354 1707 493 1774 voluptati
507 1707 689 1774 proportione
700 1712 730 1757 et
743 1704 920 1757 modulorum

114 1772 332 1836 adiectionibus,
348 1774 402 1837 uti,
418 1790 473 1842 quo
488 1773 608 1836 fallitur,
619 1773 823 1840 temperatione
834 1773 863 1821 id
874 1787 920 1822 au-

114 1847 226 1908 geatur,
245 1846 339 1892 vastus
355 1847 384 1892 et
396 1841 560 1894 invenustus
575 1840 813 1908 conspicientibus
827 1839 920 1890 remit-

113 1915 190 1959 tetur
200 1914 339 1974 aspectus.
374 1907 418 1960 De
430 1910 597 1971 adiectione,
604 1922 675 1975 qnae
686 1906 818 1958 adiicitur
826 1907 855 1956 in
865 1920 920 1955 me-

115 1975 168 2026 diis
179 1975 330 2038 columnis,
342 1992 413 2043 quae
424 1977 497 2093 apud
509 1976 634 2027 Graecos
645 1976 744 2028 ἔντασις
755 1973 919 2039 appellatur,

113 2043 143 2093 in
153 2047 279 2097 extremo
291 2042 363 2096 libro
375 2045 429 2094 erit

114 2109 179 2160 dum
189 2110 283 2161 mollis
294 2115 322 2160 et
333 2111 501 2162 conveniens
513 2110 659 2172 alliciatur,
670 2107 836 2174 subscripta.

411 2211 550 2262 CAPUT
577 2208 629 2260 lv.

442 2291 520 2349 (vulgo
534 2290 590 2346 111.)

115 2368 161 2421 De
171 2366 436 2439 fundationibus
454 2375 518 2417 tum
534 2366 568 2417 in
586 2363 669 2417 loce'e
690 2362 811 2417 solidis
829 2380 922 2431 quarn

382 2433 415 2485 in
434 2432 660 2503 congestitir'a.

155 2520 348 2572 Fundationes
359 2533 455 2569 eorum
467 2533 581 2584 opernm
591 2515 744 2580 fodiantur,
756 2517 781 2568 si
790 2522 875 2582 queat
884 2516 924 2566 in·

115 2589 216 2649 veniri,
233 2587 270 2638 ad
285 2586 420 2647 solidum,
439 2587 509 2636 etin
526 2584 619 2636 solido
636 2589 768 2651 quantum
779 2598 815 2634 ex
829 2584 925 2648 ampli-

113 2654 210 2706 tudine
229 2655 389 2722 operispro
405 2654 516 2705 rationo
531 2652 685 2714 videbitur3
710 2656 925 2716 exstruaturque

113 2727 361 2838 scalptura-totum
376 2720 468 2771 solum
483 2737 565 2787 quam
579 2719 762 2772 solidissima:
787 2733 925 2786 supraque

192 2799 206 2840 l
212 2798 267 2839 Tu.

452 2042 650 2094 ormaetratio
661 2041 731 2102 eius,
745 2040 921 2106 quemadmo-
993 2069 995 2074 ,
1013 2076 1015 2080 .
