2054 3090
278 111 485 169 lillllllll'lll:¹
507 117 592 169 (ΜΡ.
611 117 649 170 11.
833 115 862 167 bl

57 215 211 279 Fortunas,
223 231 258 267 ex
267 217 373 280 tribus,
385 218 460 284 quod
470 221 649 287 estproxime
659 226 769 286 portam
780 218 863 268 Colli·
961 238 963 242 ⁴

58 298 129 334 nem.
165 283 189 335 3.
209 283 358 350 Prostylos
375 285 467 340 omnia
477 284 575 347 habet,
591 286 821 351 quemadmodum
835 286 862 334 in

57 352 147 412 entis,
164 349 307 409 colunsuas
321 358 413 408 autam
422 351 520 407 contra
529 360 608 407 antas
619 352 767 422 angulares
784 352 862 412 duas,

58 431 197 484 supraque
208 418 349 484 epistylia,
355 419 586 484 quemadmodum
597 428 626 470 ct
635 420 751 481 inentis,
760 424 788 468 et
798 418 862 467 dex-

58 490 103 543 tra
113 499 146 535 ac
156 484 308 539 sinistram
317 486 441 535 versuris
456 486 577 553 singula.
612 486 705 537 Huius
720 484 863 551 exemplar

58 557 103 602 est
111 551 241 603 ininsula
250 552 384 602 'liberine
394 552 423 601 in
433 552 503 611 aede
514 553 587 603 lovis
597 560 628 604 et
636 553 733 604 Fauni.
761 553 786 602 4,
802 553 863 601 Am-

58 617 252 685 phlprostylos
263 619 356 671 omnia
366 616 450 669 habat
460 634 507 681 ea,
523 635 593 686 quaa
600 620 765 686 prostylon,
784 633 863 684 prae·

58 691 192 752 tereaque
209 683 293 735 habet
309 685 462 751 inpostico
477 686 513 736 ad
528 686 647 737 eundem
661 687 773 738 modum
787 684 880 736 colu-⁵

58 767 137 802 mnas
154 750 352 826 etisstigiumv
380 752 407 802 5.4
425 752 588 819 Peripteros
598 760 691 805 autem
707 756 774 815 erit,
791 767 866 818 quae

60 817 145 868 habet
152 819 181 869 in
191 817 284 878 fronte
292 825 322 869 et
338 819 449 885 postico
461 820 713 883 renascolunmas,
730 822 759 870 in
769 819 867 869 lateri--

57 886 111 936 bus
125 901 187 946 cum
201 886 383 952 angularibus
391 886 530 950 undenas,
548 888 589 938 ita
605 894 635 938 at
649 889 706 938 sint
719 886 771 937 hae
787 885 866 936 eolu-

59 966 140 1002 mnac
156 951 329 1015 collocatae,
346 959 378 1003 ut
391 953 601 1010 intercolumnii
612 954 769 1004 latitudinis
778 953 867 1002 inter-⁷

59 1018 162 1078 vallum
176 1019 214 1070 sit
228 1033 245 1067 a
258 1019 412 1085 parietibus
426 1020 530 1070 circum
543 1020 580 1071 ed
594 1027 737 1072 extremos
750 1019 867 1070 ordines

60 1086 263 1148 columnarum
281 1084 437 1152 habeatque
453 1086 668 1138 ambulationem
678 1086 866 1137 circaeellans

59 1152 153 1215 aedis,
176 1153 407 1219 quemadmodum
422 1154 508 1203 estin
524 1154 634 1219 porticu
646 1154 768 1215 Metelli,
789 1153 867 1204 lovis

60 1218 182 1279 Statoris
192 1219 379 1282 Herniodhet
388 1220 422 1270 ad
433 1221 560 1271 Mariana
569 1220 694 1274 Honoris
706 1228 734 1272 et
743 1219 867 1272 Virtutis:

60 1287 250 1352 sine-postico
261 1287 377 1338 ablutio
397 1286 480 1338 facta.
517 1287 542 1338 6.
561 1286 799 1354 Pseudodipteros
815 1303 864 1338 au·

60 1359 117 1404 tem
132 1353 357 1418 siocollocatur,
372 1354 442 1405 utin
452 1353 545 1406 fronte
556 1360 585 1405 et
594 1356 704 1421 postico
716 1357 773 1406 sint
786 1355 865 1411 colu-

59 1418 141 1480 mnae
151 1425 286 1483 octonae,
299 1422 328 1472 in
337 1421 472 1472 lateribus
482 1437 544 1473 cum
555 1422 734 1490 angularibus
750 1423 865 1488 quindet

59 1501 125 1550 uae,
142 1488 199 1547 sint
212 1492 306 1539 autem
315 1489 439 1554 parietes
447 1489 536 1540 cellae
548 1495 645 1541 contra
655 1495 804 1556 quaternas
818 1495 866 1538 co,-

60 1554 168 1605 lumuas
181 1554 326 1606 medianas
340 1556 369 1606 in
383 1554 477 1606 irent·
493 1561 521 1607 et
533 1557 653 1623 postico.
689 1555 732 1607 lta
745 1555 872 1606 duorum.

58 1618 334 1677 intercolumniorum
357 1628 387 1673 et
408 1624 480 1674 imae
499 1623 692 1674 crassitudinis
718 1623 864 1674 columnae

60 1690 180 1754 spatium
193 1689 249 1752 erit
261 1704 278 1739 a
290 1689 445 1757 parictibus
459 1691 535 1740 eirca
544 1691 580 1741 ad
588 1699 735 1755 ,extremos
751 1689 864 1740 ordines

62 1755 261 1807 columnarum.
286 1756 388 1806 -Huius
403 1758 544 1824 exemplar
551 1758 656 1808 Romae
671 1771 727 1807 non
743 1761 798 1816 est,
813 1754 863 1804 sed

60 1823 108 1872 Ma
148 1822 225 1874 esiae
234 1821 678 1891 Dianaellermogenishlabandi
688 1829 717 1873 et
725 1821 863 1886 Apollinis

36 1927 39 1932 .
61 1904 94 1949 a,
157 1887 330 1941 cathalecta.
364 1891 389 1941 Ί.
409 1891 542 1957 Dipteros
558 1896 650 1940 autem
667 1888 823 1954 octastylos
835 1893 864 1937 et

60 1960 168 2023 pronao
183 1962 213 2007 et
226 1958 352 2024 postico,
368 1958 418 2008 sed
434 1960 510 2009 circa
525 1955 623 2006 aedem
638 1955 763 2021 duplices
779 1952 864 2004 habet

61 2023 175 2083 ordines
184 2023 386 2086 columnarum,
402 2026 445 2075 uti
454 2031 498 2075 est
507 2024 591 2074 aedes
603 2022 712 2083 Quirini
721 2021 828 2076 Dorica
836 2029 864 2070 et

60 2089 200 2158 Ephesiae
209 2090 317 2142 Dianae
335 2091 432 2142 lanice
450 2088 682 2156 aChersiphrone
702 2090 863 2140 constituta.

60 2157 85 2208 8.
104 2157 287 2225 Hypaethros
300 2172 367 2208 voro
383 2158 545 2225 decastylos
558 2163 602 2208 est
615 2159 644 2207 in
654 2172 760 2223 pronao
773 2165 802 2207 et
815 2170 863 2221 po·

60 2225 146 2276 stico:
160 2225 269 2292 reliqua
277 2227 371 2277 omnia
379 2226 477 2276 eadem
488 2225 573 2276 habet
582 2240 653 2292 quac
664 2225 801 2290 dipteron,
814 2222 864 2274 sed

59 2291 863 2358 interierepartecelunsnasinaltitudineduplieearenro-

59 2369 104 2410 tas
115 2374 132 2409 a
142 2360 309 2425 parietibus,
321 2359 356 2409 ad
367 2359 560 2409 circuitionem
570 2365 601 2409 ut
610 2359 735 2424 porticus
746 2357 864 2421 peristy-

59 2426 171 2479 liorum.
206 2426 331 2477 Medium
341 2434 433 2483 autem
444 2425 494 2474 sab
506 2426 570 2475 divo
582 2431 626 2476 ast
636 2425 696 2474 sine
706 2429 795 2486 tecto,
806 2422 864 2473 adi·

60 2499 162 2561 tueque
176 2493 318 2544 valvarum
334 2509 369 2543 ex
383 2500 500 2557 utreque
516 2498 594 2558 par-te
609 2492 638 2540 in
653 2504 760 2555 pronao
777 2496 864 2556 etpo-

62 2561 134 2613 stioo
178 2561 270 2610 Huius
286 2566 379 2609 autem
395 2559 536 2623 exemplar
551 2559 654 2607 Romae
670 2571 726 2606 non
741 2564 798 2620 est,
815 2558 865 2608 sed

59 2626 175 2680 Athenis
186 2626 351 2692 octastylos,
363 2627 428 2676 etin
439 2626 542 2692 templo
554 2624 694 2692 Olympio.
771 2668 772 2672 ,
