<?xml version="1.0" encoding="UTF-8"?>
<!DOCTYPE html PUBLIC "-//W3C//DTD XHTML 1.0 Transitional//EN"
    "http://www.w3.org/TR/xhtml1/DTD/xhtml1-transitional.dtd">
<html xmlns="http://www.w3.org/1999/xhtml" xml:lang="en" lang="en">
 <head>
  <title>
</title>
<meta http-equiv="Content-Type" content="text/html;charset=utf-8" />
  <meta name='ocr-system' content='tesseract 3.04.00' />
  <meta name='ocr-capabilities' content='ocr_page ocr_carea ocr_par ocr_line ocrx_word'/>
</head>
<body>
  <div class='ocr_page' id='page_1' title='image "./dearchitectural00pollgoog_0050.png"; bbox 0 0 2054 3090; ppageno 0'>
   <div class='ocr_carea' id='block_1_1' title="bbox 132 245 944 416">
    <p class='ocr_par' dir='ltr' id='par_1_1' title="bbox 132 245 944 416">
     <span class='ocr_line' id='line_1_1' title="bbox 340 245 943 299; baseline -0.003 -3"><span class='ocrx_word' id='word_1_1' title='bbox 340 246 519 297; x_wconf 83' lang='lat' dir='ltr'>LIBERll.</span> <span class='ocrx_word' id='word_1_2' title='bbox 549 247 631 298; x_wconf 81' lang='lat' dir='ltr'>CAP.</span> <span class='ocrx_word' id='word_1_3' title='bbox 650 246 735 299; x_wconf 90' lang='lat' dir='ltr'>Vlll.</span> <span class='ocrx_word' id='word_1_4' title='bbox 910 245 943 295; x_wconf 73' lang='lat'>45</span> 
     </span>
     <span class='ocr_line' id='line_1_2' title="bbox 132 332 944 416; baseline -0.005 -15"><span class='ocrx_word' id='word_1_5' title='bbox 132 332 197 401; x_wconf 89' lang='lat' dir='ltr'>num</span> <span class='ocrx_word' id='word_1_6' title='bbox 208 350 243 400; x_wconf 88' lang='lat' dir='ltr'>ad</span> <span class='ocrx_word' id='word_1_7' title='bbox 253 349 345 416; x_wconf 90' lang='lat' dir='ltr'>ipsum</span> <span class='ocrx_word' id='word_1_8' title='bbox 356 348 521 400; x_wconf 81' lang='lat' dir='ltr'>Salmacidis</span> <span class='ocrx_word' id='word_1_9' title='bbox 532 348 647 400; x_wconf 86' lang='lat' dir='ltr'>fontem.</span> <span class='ocrx_word' id='word_1_10' title='bbox 674 351 714 400; x_wconf 84' lang='lat' dir='ltr'>la.</span> <span class='ocrx_word' id='word_1_11' title='bbox 730 350 756 400; x_wconf 90' lang='lat' dir='ltr'>ls</span> <span class='ocrx_word' id='word_1_12' title='bbox 767 354 860 399; x_wconf 92' lang='lat' dir='ltr'>autem</span> <span class='ocrx_word' id='word_1_13' title='bbox 870 346 944 399; x_wconf 84' lang='lat' dir='ltr'>falsa</span> 
     </span>
    </p>
   </div>
   <div class='ocr_carea' id='block_1_2' title="bbox 133 416 960 2652">
    <p class='ocr_par' dir='ltr' id='par_1_2' title="bbox 133 416 960 2652">
     <span class='ocr_line' id='line_1_3' title="bbox 133 416 941 485; baseline -0.002 -17"><span class='ocrx_word' id='word_1_14' title='bbox 133 418 266 485; x_wconf 92' lang='lat' dir='ltr'>opinione</span> <span class='ocrx_word' id='word_1_15' title='bbox 282 423 394 483; x_wconf 89' lang='lat' dir='ltr'>putatur</span> <span class='ocrx_word' id='word_1_16' title='bbox 402 416 532 468; x_wconf 88' lang='lat' dir='ltr'>Venereo</span> <span class='ocrx_word' id='word_1_17' title='bbox 546 417 644 468; x_wconf 91' lang='lat' dir='ltr'>morbo</span> <span class='ocrx_word' id='word_1_18' title='bbox 658 417 804 484; x_wconf 88' lang='lat' dir='ltr'>implicare</span> <span class='ocrx_word' id='word_1_19' title='bbox 815 431 879 478; x_wconf 88' lang='lat' dir='ltr'>eos,</span> <span class='ocrx_word' id='word_1_20' title='bbox 894 417 941 483; x_wconf 94' lang='lat' dir='ltr'>qui</span> 
     </span>
     <span class='ocr_line' id='line_1_4' title="bbox 133 476 941 553; baseline -0.004 -18"><span class='ocrx_word' id='word_1_21' title='bbox 133 500 168 536; x_wconf 85' lang='lat' dir='ltr'>ex</span> <span class='ocrx_word' id='word_1_22' title='bbox 186 500 220 535; x_wconf 89' lang='lat' dir='ltr'>eo</span> <span class='ocrx_word' id='word_1_23' title='bbox 240 485 371 535; x_wconf 82' lang='lat' dir='ltr'><strong>biberint.</strong></span> <span class='ocrx_word' id='word_1_24' title='bbox 408 483 464 536; x_wconf 85' lang='lat' dir='ltr'>Sed</span> <span class='ocrx_word' id='word_1_25' title='bbox 484 483 553 535; x_wconf 88' lang='lat' dir='ltr'>baec</span> <span class='ocrx_word' id='word_1_26' title='bbox 571 476 666 552; x_wconf 84' lang='lat' dir='ltr'>opinio</span> <span class='ocrx_word' id='word_1_27' title='bbox 682 500 767 553; x_wconf 90' lang='lat' dir='ltr'>quare</span> <span class='ocrx_word' id='word_1_28' title='bbox 780 498 830 550; x_wconf 86' lang='lat' dir='ltr'>per</span> <span class='ocrx_word' id='word_1_29' title='bbox 846 484 941 534; x_wconf 90' lang='lat' dir='ltr'>orbem</span> 
     </span>
     <span class='ocr_line' id='line_1_5' title="bbox 133 550 941 620; baseline 0 -17"><span class='ocrx_word' id='word_1_30' title='bbox 133 561 269 603; x_wconf 89' lang='lat' dir='ltr'>terrarum</span> <span class='ocrx_word' id='word_1_31' title='bbox 280 551 353 603; x_wconf 86' lang='lat' dir='ltr'>falso</span> <span class='ocrx_word' id='word_1_32' title='bbox 365 566 478 603; x_wconf 92' lang='lat' dir='ltr'>rumore</span> <span class='ocrx_word' id='word_1_33' title='bbox 486 553 523 603; x_wconf 89' lang='lat' dir='ltr'>sit</span> <span class='ocrx_word' id='word_1_34' title='bbox 532 559 697 620; x_wconf 76' lang='lat' dir='ltr'>pervagata,</span> <span class='ocrx_word' id='word_1_35' title='bbox 712 568 767 604; x_wconf 95' lang='lat' dir='ltr'>non</span> <span class='ocrx_word' id='word_1_36' title='bbox 777 550 886 618; x_wconf 80' lang='lat' dir='ltr'>pigebit</span> <span class='ocrx_word' id='word_1_37' title='bbox 896 567 941 603; x_wconf 86' lang='lat' dir='ltr'>ex·</span> 
     </span>
     <span class='ocr_line' id='line_1_6' title="bbox 133 619 942 687; baseline -0.001 -17"><span class='ocrx_word' id='word_1_38' title='bbox 133 635 246 686; x_wconf 88' lang='lat' dir='ltr'>ponere.</span> <span class='ocrx_word' id='word_1_39' title='bbox 274 619 337 670; x_wconf 93' lang='lat' dir='ltr'>Non</span> <span class='ocrx_word' id='word_1_40' title='bbox 349 621 421 670; x_wconf 91' lang='lat' dir='ltr'>enim</span> <span class='ocrx_word' id='word_1_41' title='bbox 432 619 506 687; x_wconf 95' lang='lat' dir='ltr'>quod</span> <span class='ocrx_word' id='word_1_42' title='bbox 518 620 628 684; x_wconf 91' lang='lat' dir='ltr'>dicitur,</span> <span class='ocrx_word' id='word_1_43' title='bbox 637 621 737 672; x_wconf 90' lang='lat' dir='ltr'>molles</span> <span class='ocrx_word' id='word_1_44' title='bbox 748 628 777 670; x_wconf 89' lang='lat' dir='ltr'>et</span> <span class='ocrx_word' id='word_1_45' title='bbox 785 619 942 684; x_wconf 90' lang='lat' dir='ltr'>impudicos</span> 
     </span>
     <span class='ocr_line' id='line_1_7' title="bbox 135 685 942 753; baseline -0.002 -15"><span class='ocrx_word' id='word_1_46' title='bbox 135 703 169 738; x_wconf 87' lang='lat' dir='ltr'>ex</span> <span class='ocrx_word' id='word_1_47' title='bbox 184 703 219 738; x_wconf 82' lang='lat' dir='ltr'>ea</span> <span class='ocrx_word' id='word_1_48' title='bbox 234 703 306 753; x_wconf 89' lang='lat' dir='ltr'>aqua</span> <span class='ocrx_word' id='word_1_49' title='bbox 321 687 394 750; x_wconf 86' lang='lat' dir='ltr'>lieri,</span> <span class='ocrx_word' id='word_1_50' title='bbox 409 688 438 738; x_wconf 90' lang='lat' dir='ltr'>id</span> <span class='ocrx_word' id='word_1_51' title='bbox 452 694 548 753; x_wconf 91' lang='lat' dir='ltr'>potest</span> <span class='ocrx_word' id='word_1_52' title='bbox 563 703 638 752; x_wconf 84' lang='lat' dir='ltr'>esse3</span> <span class='ocrx_word' id='word_1_53' title='bbox 663 689 713 739; x_wconf 85' lang='lat' dir='ltr'>sed</span> <span class='ocrx_word' id='word_1_54' title='bbox 727 694 771 740; x_wconf 91' lang='lat' dir='ltr'>est</span> <span class='ocrx_word' id='word_1_55' title='bbox 784 687 845 738; x_wconf 87' lang='lat' dir='ltr'>eius</span> <span class='ocrx_word' id='word_1_56' title='bbox 855 685 942 737; x_wconf 84' lang='lat' dir='ltr'>fontis</span> 
     </span>
     <span class='ocr_line' id='line_1_8' title="bbox 134 755 942 824; baseline -0.002 -18"><span class='ocrx_word' id='word_1_57' title='bbox 134 762 260 821; x_wconf 88' lang='lat' dir='ltr'>potestas</span> <span class='ocrx_word' id='word_1_58' title='bbox 277 755 421 821; x_wconf 87' lang='lat' dir='ltr'>perlucida</span> <span class='ocrx_word' id='word_1_59' title='bbox 438 770 577 822; x_wconf 88' lang='lat' dir='ltr'>saporque</span> <span class='ocrx_word' id='word_1_60' title='bbox 594 757 734 824; x_wconf 81' lang='lat' dir='ltr'>egregius.</span> <span class='ocrx_word' id='word_1_61' title='bbox 771 755 838 805; x_wconf 86' lang='lat' dir='ltr'>Cum</span> <span class='ocrx_word' id='word_1_62' title='bbox 850 761 942 805; x_wconf 89' lang='lat' dir='ltr'>autem</span> 
     </span>
     <span class='ocr_line' id='line_1_9' title="bbox 135 821 942 891; baseline -0.002 -19"><span class='ocrx_word' id='word_1_63' title='bbox 135 822 224 873; x_wconf 87' lang='lat' dir='ltr'>Melas</span> <span class='ocrx_word' id='word_1_64' title='bbox 241 829 269 873; x_wconf 85' lang='lat' dir='ltr'>et</span> <span class='ocrx_word' id='word_1_65' title='bbox 282 823 436 873; x_wconf 82' lang='lat' dir='ltr'>Areuanias</span> <span class='ocrx_word' id='word_1_66' title='bbox 451 823 485 873; x_wconf 89' lang='lat' dir='ltr'>ab</span> <span class='ocrx_word' id='word_1_67' title='bbox 498 824 580 891; x_wconf 78' lang='lat' dir='ltr'>Argis</span> <span class='ocrx_word' id='word_1_68' title='bbox 596 829 625 874; x_wconf 83' lang='lat' dir='ltr'>et</span> <span class='ocrx_word' id='word_1_69' title='bbox 640 824 787 874; x_wconf 80' lang='lat' dir='ltr'><strong>Troezene</strong></span> <span class='ocrx_word' id='word_1_70' title='bbox 802 821 942 874; x_wconf 90' lang='lat' dir='ltr'>coloniam</span> 
     </span>
     <span class='ocr_line' id='line_1_10' title="bbox 136 889 943 954; baseline 0 -14"><span class='ocrx_word' id='word_1_71' title='bbox 136 905 308 940; x_wconf 91' lang='lat' dir='ltr'>communem</span> <span class='ocrx_word' id='word_1_72' title='bbox 328 904 362 940; x_wconf 90' lang='lat' dir='ltr'>eo</span> <span class='ocrx_word' id='word_1_73' title='bbox 383 891 440 940; x_wconf 92' lang='lat' dir='ltr'>loci</span> <span class='ocrx_word' id='word_1_74' title='bbox 455 891 644 954; x_wconf 84' lang='lat' dir='ltr'>deduxerunt,</span> <span class='ocrx_word' id='word_1_75' title='bbox 662 891 798 941; x_wconf 90' lang='lat' dir='ltr'>barbaros</span> <span class='ocrx_word' id='word_1_76' title='bbox 812 889 898 940; x_wconf 87' lang='lat' dir='ltr'>Caras</span> <span class='ocrx_word' id='word_1_77' title='bbox 915 895 943 940; x_wconf 93' lang='lat' dir='ltr'>et</span> 
     </span>
     <span class='ocr_line' id='line_1_11' title="bbox 135 956 942 1024; baseline -0.002 -17"><span class='ocrx_word' id='word_1_78' title='bbox 135 957 256 1024; x_wconf 80' lang='lat' dir='ltr'>Lelegas</span> <span class='ocrx_word' id='word_1_79' title='bbox 268 959 419 1009; x_wconf 89' lang='lat' dir='ltr'>eiecerunt.</span> <span class='ocrx_word' id='word_1_80' title='bbox 455 959 495 1008; x_wconf 90' lang='lat' dir='ltr'>Hi</span> <span class='ocrx_word' id='word_1_81' title='bbox 505 965 611 1020; x_wconf 91' lang='lat' dir='ltr'>autem,</span> <span class='ocrx_word' id='word_1_82' title='bbox 623 957 659 1008; x_wconf 91' lang='lat' dir='ltr'>ad</span> <span class='ocrx_word' id='word_1_83' title='bbox 668 965 776 1010; x_wconf 90' lang='lat' dir='ltr'>montes</span> <span class='ocrx_word' id='word_1_84' title='bbox 787 956 892 1024; x_wconf 84' lang='lat' dir='ltr'>fugati,</span> <span class='ocrx_word' id='word_1_85' title='bbox 902 957 942 1006; x_wconf 92' lang='lat' dir='ltr'>in-</span> 
     </span>
     <span class='ocr_line' id='line_1_12' title="bbox 134 1023 942 1092; baseline -0.004 -16"><span class='ocrx_word' id='word_1_86' title='bbox 134 1026 386 1092; x_wconf 86' lang='lat' dir='ltr'>tcrsecongregati</span> <span class='ocrx_word' id='word_1_87' title='bbox 394 1026 596 1089; x_wconf 84' lang='lat' dir='ltr'>discurrebant,</span> <span class='ocrx_word' id='word_1_88' title='bbox 604 1031 632 1077; x_wconf 93' lang='lat' dir='ltr'>et</span> <span class='ocrx_word' id='word_1_89' title='bbox 641 1023 942 1076; x_wconf 84' lang='lat' dir='ltr'>ibilatrociniafecien·</span> 
     </span>
     <span class='ocr_line' id='line_1_13' title="bbox 135 1091 942 1145; baseline 0 -3"><span class='ocrx_word' id='word_1_90' title='bbox 135 1100 176 1144; x_wconf 85' lang='lat' dir='ltr'>tes</span> <span class='ocrx_word' id='word_1_91' title='bbox 188 1093 340 1143; x_wconf 85' lang='lat' dir='ltr'>crudeliter</span> <span class='ocrx_word' id='word_1_92' title='bbox 351 1107 400 1144; x_wconf 88' lang='lat' dir='ltr'>eos</span> <span class='ocrx_word' id='word_1_93' title='bbox 411 1093 566 1145; x_wconf 83' lang='lat' dir='ltr'>vastabant.</span> <span class='ocrx_word' id='word_1_94' title='bbox 591 1093 696 1144; x_wconf 81' lang='lat' dir='ltr'>Postea</span> <span class='ocrx_word' id='word_1_95' title='bbox 706 1093 740 1143; x_wconf 89' lang='lat' dir='ltr'>de</span> <span class='ocrx_word' id='word_1_96' title='bbox 751 1091 860 1143; x_wconf 85' lang='lat' dir='ltr'>colonis</span> <span class='ocrx_word' id='word_1_97' title='bbox 871 1107 942 1142; x_wconf 80' lang='lat' dir='ltr'>unus</span> 
     </span>
     <span class='ocr_line' id='line_1_14' title="bbox 135 1160 942 1227; baseline -0.004 -16"><span class='ocrx_word' id='word_1_98' title='bbox 135 1161 170 1211; x_wconf 93' lang='lat' dir='ltr'>ad</span> <span class='ocrx_word' id='word_1_99' title='bbox 191 1176 253 1210; x_wconf 85' lang='lat' dir='ltr'>aum</span> <span class='ocrx_word' id='word_1_100' title='bbox 271 1160 378 1211; x_wconf 84' lang='lat' dir='ltr'>iontem</span> <span class='ocrx_word' id='word_1_101' title='bbox 398 1168 512 1227; x_wconf 89' lang='lat' dir='ltr'>propter</span> <span class='ocrx_word' id='word_1_102' title='bbox 526 1160 681 1211; x_wconf 88' lang='lat' dir='ltr'>bonitatem</span> <span class='ocrx_word' id='word_1_103' title='bbox 701 1174 789 1226; x_wconf 82' lang='lat' dir='ltr'>aquae</span> <span class='ocrx_word' id='word_1_104' title='bbox 810 1164 942 1224; x_wconf 80' lang='lat' dir='ltr'>quaestus</span> 
     </span>
     <span class='ocr_line' id='line_1_15' title="bbox 135 1228 942 1293; baseline -0.004 -14"><span class='ocrx_word' id='word_1_105' title='bbox 135 1243 220 1279; x_wconf 89' lang='lat' dir='ltr'>causa</span> <span class='ocrx_word' id='word_1_106' title='bbox 239 1228 383 1279; x_wconf 81' lang='lat' dir='ltr'>tabernam</span> <span class='ocrx_word' id='word_1_107' title='bbox 405 1228 532 1279; x_wconf 87' lang='lat' dir='ltr'>omnibus</span> <span class='ocrx_word' id='word_1_108' title='bbox 553 1228 642 1293; x_wconf 91' lang='lat' dir='ltr'>copiis</span> <span class='ocrx_word' id='word_1_109' title='bbox 661 1228 805 1289; x_wconf 82' lang='lat' dir='ltr'>instruxit,</span> <span class='ocrx_word' id='word_1_110' title='bbox 826 1240 942 1292; x_wconf 85' lang='lat' dir='ltr'>eamque</span> 
     </span>
     <span class='ocr_line' id='line_1_16' title="bbox 135 1294 942 1412; baseline -0.005 -65"><span class='ocrx_word' id='word_1_111' title='bbox 135 1297 292 1347; x_wconf 82' lang='lat' dir='ltr'>exercendo</span> <span class='ocrx_word' id='word_1_112' title='bbox 310 1311 360 1346; x_wconf 87' lang='lat' dir='ltr'>eos</span> <span class='ocrx_word' id='word_1_113' title='bbox 375 1296 511 1347; x_wconf 87' lang='lat' dir='ltr'>barbaros</span> <span class='ocrx_word' id='word_1_114' title='bbox 529 1295 688 1346; x_wconf 91' lang='lat' dir='ltr'>allectabat.</span> <span class='ocrx_word' id='word_1_115' title='bbox 724 1295 767 1346; x_wconf 91' lang='lat' dir='ltr'>lta</span> <span class='ocrx_word' id='word_1_116' title='bbox 781 1294 942 1412; x_wconf 68' lang='lat' dir='ltr'>sinpulatim</span> 
     </span>
     <span class='ocr_line' id='line_1_17' title="bbox 134 1363 941 1429; baseline -0.002 -15"><span class='ocrx_word' id='word_1_117' title='bbox 134 1364 314 1415; x_wconf 82' lang='lat' dir='ltr'>decurrentes</span> <span class='ocrx_word' id='word_1_118' title='bbox 326 1370 354 1414; x_wconf 90' lang='lat' dir='ltr'>et</span> <span class='ocrx_word' id='word_1_119' title='bbox 365 1364 400 1414; x_wconf 86' lang='lat' dir='ltr'>ad</span> <span class='ocrx_word' id='word_1_120' title='bbox 408 1371 505 1415; x_wconf 88' lang='lat' dir='ltr'>coetus</span> <span class='ocrx_word' id='word_1_121' title='bbox 517 1363 738 1415; x_wconf 85' lang='lat' dir='ltr'>convenientcsc</span> <span class='ocrx_word' id='word_1_122' title='bbox 749 1363 818 1413; x_wconf 93' lang='lat' dir='ltr'>duro</span> <span class='ocrx_word' id='word_1_123' title='bbox 837 1377 941 1429; x_wconf 89' lang='lat' dir='ltr'>eroque</span> 
     </span>
     <span class='ocr_line' id='line_1_18' title="bbox 133 1431 944 1483; baseline -0.002 -2"><span class='ocrx_word' id='word_1_124' title='bbox 133 1446 211 1482; x_wconf 91' lang='lat' dir='ltr'>more</span> <span class='ocrx_word' id='word_1_125' title='bbox 232 1433 394 1482; x_wconf 90' lang='lat' dir='ltr'>commutati</span> <span class='ocrx_word' id='word_1_126' title='bbox 417 1433 445 1482; x_wconf 93' lang='lat' dir='ltr'>in</span> <span class='ocrx_word' id='word_1_127' title='bbox 465 1432 636 1483; x_wconf 86' lang='lat' dir='ltr'>Graecorum</span> <span class='ocrx_word' id='word_1_128' title='bbox 659 1431 889 1483; x_wconf 87' lang='lat' dir='ltr'>consuetudinem</span> <span class='ocrx_word' id='word_1_129' title='bbox 914 1435 944 1480; x_wconf 90' lang='lat' dir='ltr'>et</span> 
     </span>
     <span class='ocr_line' id='line_1_19' title="bbox 133 1498 943 1565; baseline -0.004 -15"><span class='ocrx_word' id='word_1_130' title='bbox 133 1499 313 1561; x_wconf 74' lang='lat' dir='ltr'>suavitatem,</span> <span class='ocrx_word' id='word_1_131' title='bbox 333 1516 384 1550; x_wconf 87' lang='lat' dir='ltr'>sua</span> <span class='ocrx_word' id='word_1_132' title='bbox 404 1500 547 1551; x_wconf 81' lang='lat' dir='ltr'>voluntate</span> <span class='ocrx_word' id='word_1_133' title='bbox 565 1499 779 1551; x_wconf 86' lang='lat' dir='ltr'>reducebantur.</span> <span class='ocrx_word' id='word_1_134' title='bbox 814 1498 890 1565; x_wconf 86' lang='lat' dir='ltr'>Ergo</span> <span class='ocrx_word' id='word_1_135' title='bbox 909 1511 943 1547; x_wconf 88' lang='lat' dir='ltr'>ea</span> 
     </span>
     <span class='ocr_line' id='line_1_20' title="bbox 134 1564 942 1634; baseline -0.004 -18"><span class='ocrx_word' id='word_1_136' title='bbox 134 1582 207 1634; x_wconf 87' lang='lat' dir='ltr'>aqua</span> <span class='ocrx_word' id='word_1_137' title='bbox 231 1582 286 1617; x_wconf 92' lang='lat' dir='ltr'>non</span> <span class='ocrx_word' id='word_1_138' title='bbox 296 1567 437 1633; x_wconf 93' lang='lat' dir='ltr'>impudico</span> <span class='ocrx_word' id='word_1_139' title='bbox 449 1569 538 1619; x_wconf 87' lang='lat' dir='ltr'>morbi</span> <span class='ocrx_word' id='word_1_140' title='bbox 549 1567 680 1630; x_wconf 83' lang='lat' dir='ltr'>vitio,sed</span> <span class='ocrx_word' id='word_1_141' title='bbox 692 1566 871 1618; x_wconf 88' lang='lat' dir='ltr'>humanitatis</span> <span class='ocrx_word' id='word_1_142' title='bbox 884 1564 942 1615; x_wconf 89' lang='lat' dir='ltr'>dul·</span> 
     </span>
     <span class='ocr_line' id='line_1_21' title="bbox 134 1633 943 1698; baseline -0.002 -14"><span class='ocrx_word' id='word_1_143' title='bbox 134 1635 232 1685; x_wconf 88' lang='lat' dir='ltr'>cedine</span> <span class='ocrx_word' id='word_1_144' title='bbox 248 1635 365 1686; x_wconf 88' lang='lat' dir='ltr'>mollitis</span> <span class='ocrx_word' id='word_1_145' title='bbox 380 1636 478 1686; x_wconf 92' lang='lat' dir='ltr'>animis</span> <span class='ocrx_word' id='word_1_146' title='bbox 493 1635 690 1698; x_wconf 87' lang='lat' dir='ltr'>barbarorum,</span> <span class='ocrx_word' id='word_1_147' title='bbox 707 1650 767 1685; x_wconf 91' lang='lat' dir='ltr'>eam</span> <span class='ocrx_word' id='word_1_148' title='bbox 782 1633 884 1684; x_wconf 82' lang='lat' dir='ltr'>famam</span> <span class='ocrx_word' id='word_1_149' title='bbox 899 1638 943 1683; x_wconf 90' lang='lat' dir='ltr'>est</span> 
     </span>
     <span class='ocr_line' id='line_1_22' title="bbox 134 1700 941 1769; baseline -0.001 -18"><span class='ocrx_word' id='word_1_150' title='bbox 134 1703 243 1767; x_wconf 87' lang='lat' dir='ltr'>adepta.</span> <span class='ocrx_word' id='word_1_151' title='bbox 282 1703 321 1753; x_wconf 82' lang='lat'>13.</span> <span class='ocrx_word' id='word_1_152' title='bbox 340 1703 517 1769; x_wconf 86' lang='lat' dir='ltr'>Relinquitur</span> <span class='ocrx_word' id='word_1_153' title='bbox 532 1719 617 1765; x_wconf 90' lang='lat' dir='ltr'>nunc,</span> <span class='ocrx_word' id='word_1_154' title='bbox 634 1703 765 1768; x_wconf 92' lang='lat' dir='ltr'>quoniam</span> <span class='ocrx_word' id='word_1_155' title='bbox 776 1702 811 1752; x_wconf 87' lang='lat' dir='ltr'>ad</span> <span class='ocrx_word' id='word_1_156' title='bbox 822 1700 941 1766; x_wconf 82' lang='lat' dir='ltr'>explica-</span> 
     </span>
     <span class='ocr_line' id='line_1_23' title="bbox 134 1767 943 1831; baseline -0.005 -11"><span class='ocrx_word' id='word_1_157' title='bbox 134 1771 239 1820; x_wconf 90' lang='lat' dir='ltr'>tionem</span> <span class='ocrx_word' id='word_1_158' title='bbox 255 1771 393 1820; x_wconf 91' lang='lat' dir='ltr'>moenium</span> <span class='ocrx_word' id='word_1_159' title='bbox 410 1786 506 1821; x_wconf 93' lang='lat' dir='ltr'>eorum</span> <span class='ocrx_word' id='word_1_160' title='bbox 521 1786 582 1821; x_wconf 91' lang='lat' dir='ltr'>sum</span> <span class='ocrx_word' id='word_1_161' title='bbox 597 1771 738 1831; x_wconf 83' lang='lat' dir='ltr'>invectus,</span> <span class='ocrx_word' id='word_1_162' title='bbox 754 1775 816 1819; x_wconf 91' lang='lat' dir='ltr'>tota</span> <span class='ocrx_word' id='word_1_163' title='bbox 826 1767 866 1818; x_wconf 92' lang='lat' dir='ltr'>uti</span> <span class='ocrx_word' id='word_1_164' title='bbox 878 1773 943 1817; x_wconf 90' lang='lat' dir='ltr'>sunt</span> 
     </span>
     <span class='ocr_line' id='line_1_24' title="bbox 135 1833 942 1902; baseline -0.005 -15"><span class='ocrx_word' id='word_1_165' title='bbox 135 1837 273 1887; x_wconf 88' lang='lat' dir='ltr'>definiam.</span> <span class='ocrx_word' id='word_1_166' title='bbox 314 1838 553 1898; x_wconf 77' lang='lat' dir='ltr'>Quemadmodum</span> <span class='ocrx_word' id='word_1_167' title='bbox 569 1838 684 1888; x_wconf 91' lang='lat' dir='ltr'>enimin</span> <span class='ocrx_word' id='word_1_168' title='bbox 699 1837 798 1887; x_wconf 81' lang='lat' dir='ltr'>dextra</span> <span class='ocrx_word' id='word_1_169' title='bbox 812 1841 891 1902; x_wconf 88' lang='lat' dir='ltr'>parte</span> <span class='ocrx_word' id='word_1_170' title='bbox 902 1833 942 1884; x_wconf 86' lang='lat' dir='ltr'>fa-</span> 
     </span>
     <span class='ocr_line' id='line_1_25' title="bbox 134 1903 941 1970; baseline -0.004 -15"><span class='ocrx_word' id='word_1_171' title='bbox 134 1921 196 1955; x_wconf 93' lang='lat' dir='ltr'>num</span> <span class='ocrx_word' id='word_1_172' title='bbox 211 1911 254 1953; x_wconf 83' lang='lat' dir='ltr'>est</span> <span class='ocrx_word' id='word_1_173' title='bbox 262 1903 379 1954; x_wconf 89' lang='lat' dir='ltr'>Veneris</span> <span class='ocrx_word' id='word_1_174' title='bbox 392 1911 420 1954; x_wconf 91' lang='lat' dir='ltr'>et</span> <span class='ocrx_word' id='word_1_175' title='bbox 429 1904 493 1955; x_wconf 86' lang='lat' dir='ltr'>fons</span> <span class='ocrx_word' id='word_1_176' title='bbox 504 1920 587 1970; x_wconf 90' lang='lat' dir='ltr'>supra</span> <span class='ocrx_word' id='word_1_177' title='bbox 598 1906 727 1970; x_wconf 88' lang='lat' dir='ltr'>scriptus,</span> <span class='ocrx_word' id='word_1_178' title='bbox 738 1904 778 1953; x_wconf 90' lang='lat' dir='ltr'>ita</span> <span class='ocrx_word' id='word_1_179' title='bbox 786 1904 815 1952; x_wconf 93' lang='lat' dir='ltr'>in</span> <span class='ocrx_word' id='word_1_180' title='bbox 826 1903 941 1952; x_wconf 81' lang='lat' dir='ltr'>sinistro</span> 
     </span>
     <span class='ocr_line' id='line_1_26' title="bbox 135 1970 941 2038; baseline -0.005 -16"><span class='ocrx_word' id='word_1_181' title='bbox 135 1988 222 2022; x_wconf 87' lang='lat' dir='ltr'>cornu</span> <span class='ocrx_word' id='word_1_182' title='bbox 237 1971 319 2036; x_wconf 86' lang='lat' dir='ltr'>regia</span> <span class='ocrx_word' id='word_1_183' title='bbox 330 1971 441 2033; x_wconf 89' lang='lat' dir='ltr'>domus,</span> <span class='ocrx_word' id='word_1_184' title='bbox 458 1987 539 2038; x_wconf 87' lang='lat' dir='ltr'>quam</span> <span class='ocrx_word' id='word_1_185' title='bbox 550 1987 600 2022; x_wconf 84' lang='lat' dir='ltr'>rex</span> <span class='ocrx_word' id='word_1_186' title='bbox 609 1970 756 2021; x_wconf 86' lang='lat' dir='ltr'>Mausolus</span> <span class='ocrx_word' id='word_1_187' title='bbox 767 1970 802 2020; x_wconf 88' lang='lat' dir='ltr'>ad</span> <span class='ocrx_word' id='word_1_188' title='bbox 812 1984 889 2018; x_wconf 88' lang='lat' dir='ltr'>suam</span> <span class='ocrx_word' id='word_1_189' title='bbox 899 1984 941 2019; x_wconf 89' lang='lat' dir='ltr'>ra-</span> 
     </span>
     <span class='ocr_line' id='line_1_27' title="bbox 136 2036 942 2104; baseline -0.002 -14"><span class='ocrx_word' id='word_1_190' title='bbox 136 2041 240 2090; x_wconf 89' lang='lat' dir='ltr'>tionem</span> <span class='ocrx_word' id='word_1_191' title='bbox 259 2037 417 2087; x_wconf 86' lang='lat' dir='ltr'>collocavit.</span> <span class='ocrx_word' id='word_1_192' title='bbox 455 2039 634 2104; x_wconf 84' lang='lat' dir='ltr'>Conspicitur</span> <span class='ocrx_word' id='word_1_193' title='bbox 648 2037 721 2088; x_wconf 93' lang='lat' dir='ltr'>enim</span> <span class='ocrx_word' id='word_1_194' title='bbox 738 2051 773 2087; x_wconf 81' lang='lat' dir='ltr'>ex</span> <span class='ocrx_word' id='word_1_195' title='bbox 788 2051 821 2086; x_wconf 89' lang='lat' dir='ltr'>ea</span> <span class='ocrx_word' id='word_1_196' title='bbox 832 2036 867 2086; x_wconf 87' lang='lat' dir='ltr'>ad</span> <span class='ocrx_word' id='word_1_197' title='bbox 878 2037 942 2088; x_wconf 85' lang='lat' dir='ltr'>dex-</span> 
     </span>
     <span class='ocr_line' id='line_1_28' title="bbox 135 2104 942 2172; baseline -0.004 -15"><span class='ocrx_word' id='word_1_198' title='bbox 135 2116 204 2158; x_wconf 92' lang='lat' dir='ltr'>tram</span> <span class='ocrx_word' id='word_1_199' title='bbox 220 2113 327 2172; x_wconf 89' lang='lat' dir='ltr'>partem</span> <span class='ocrx_word' id='word_1_200' title='bbox 345 2104 437 2154; x_wconf 83' lang='lat' dir='ltr'>forum</span> <span class='ocrx_word' id='word_1_201' title='bbox 452 2113 480 2156; x_wconf 92' lang='lat' dir='ltr'>et</span> <span class='ocrx_word' id='word_1_202' title='bbox 495 2113 592 2171; x_wconf 84' lang='lat' dir='ltr'>portus</span> <span class='ocrx_word' id='word_1_203' title='bbox 602 2105 797 2172; x_wconf 90' lang='lat' dir='ltr'>moeniumque</span> <span class='ocrx_word' id='word_1_204' title='bbox 808 2110 870 2154; x_wconf 85' lang='lat' dir='ltr'>tota</span> <span class='ocrx_word' id='word_1_205' title='bbox 884 2104 942 2154; x_wconf 89' lang='lat' dir='ltr'>lini-</span> 
     </span>
     <span class='ocr_line' id='line_1_29' title="bbox 135 2171 942 2239; baseline -0.002 -14"><span class='ocrx_word' id='word_1_206' title='bbox 135 2177 187 2238; x_wconf 88' lang='lat' dir='ltr'>tio;</span> <span class='ocrx_word' id='word_1_207' title='bbox 208 2173 259 2224; x_wconf 89' lang='lat' dir='ltr'>sub</span> <span class='ocrx_word' id='word_1_208' title='bbox 271 2173 384 2223; x_wconf 89' lang='lat' dir='ltr'>sinistra</span> <span class='ocrx_word' id='word_1_209' title='bbox 395 2178 520 2223; x_wconf 87' lang='lat' dir='ltr'>secretus</span> <span class='ocrx_word' id='word_1_210' title='bbox 531 2172 582 2222; x_wconf 92' lang='lat' dir='ltr'>sub</span> <span class='ocrx_word' id='word_1_211' title='bbox 593 2171 732 2223; x_wconf 88' lang='lat' dir='ltr'>montibus</span> <span class='ocrx_word' id='word_1_212' title='bbox 743 2173 833 2223; x_wconf 91' lang='lat' dir='ltr'>latens</span> <span class='ocrx_word' id='word_1_213' title='bbox 844 2178 942 2239; x_wconf 87' lang='lat' dir='ltr'>portus</span> 
     </span>
     <span class='ocr_line' id='line_1_30' title="bbox 134 2240 943 2307; baseline -0.005 -14"><span class='ocrx_word' id='word_1_214' title='bbox 134 2244 187 2304; x_wconf 88' lang='lat' dir='ltr'>ita,</span> <span class='ocrx_word' id='word_1_215' title='bbox 202 2248 233 2292; x_wconf 93' lang='lat' dir='ltr'>ut</span> <span class='ocrx_word' id='word_1_216' title='bbox 249 2256 329 2291; x_wconf 89' lang='lat' dir='ltr'>nemo</span> <span class='ocrx_word' id='word_1_217' title='bbox 344 2241 435 2306; x_wconf 87' lang='lat' dir='ltr'>possit</span> <span class='ocrx_word' id='word_1_218' title='bbox 451 2240 517 2306; x_wconf 93' lang='lat' dir='ltr'>quid</span> <span class='ocrx_word' id='word_1_219' title='bbox 531 2240 560 2289; x_wconf 91' lang='lat' dir='ltr'>in</span> <span class='ocrx_word' id='word_1_220' title='bbox 575 2255 608 2290; x_wconf 91' lang='lat' dir='ltr'>eo</span> <span class='ocrx_word' id='word_1_221' title='bbox 626 2247 740 2307; x_wconf 86' lang='lat' dir='ltr'>geratur</span> <span class='ocrx_word' id='word_1_222' title='bbox 751 2242 877 2307; x_wconf 83' lang='lat' dir='ltr'>aspicere</span> <span class='ocrx_word' id='word_1_223' title='bbox 892 2255 943 2291; x_wconf 91' lang='lat' dir='ltr'>nec</span> 
     </span>
     <span class='ocr_line' id='line_1_31' title="bbox 135 2307 943 2376; baseline -0.004 -16"><span class='ocrx_word' id='word_1_224' title='bbox 135 2311 219 2361; x_wconf 86' lang='lat' dir='ltr'>scire:</span> <span class='ocrx_word' id='word_1_225' title='bbox 233 2315 263 2359; x_wconf 86' lang='lat' dir='ltr'>ut</span> <span class='ocrx_word' id='word_1_226' title='bbox 273 2323 324 2359; x_wconf 85' lang='lat' dir='ltr'>rex</span> <span class='ocrx_word' id='word_1_227' title='bbox 333 2309 393 2375; x_wconf 91' lang='lat' dir='ltr'>ipse</span> <span class='ocrx_word' id='word_1_228' title='bbox 406 2308 439 2358; x_wconf 91' lang='lat' dir='ltr'>de</span> <span class='ocrx_word' id='word_1_229' title='bbox 451 2323 502 2358; x_wconf 91' lang='lat' dir='ltr'>sua</span> <span class='ocrx_word' id='word_1_230' title='bbox 513 2308 594 2358; x_wconf 93' lang='lat' dir='ltr'>domo</span> <span class='ocrx_word' id='word_1_231' title='bbox 606 2308 758 2376; x_wconf 84' lang='lat' dir='ltr'>remigibus</span> <span class='ocrx_word' id='word_1_232' title='bbox 769 2318 798 2359; x_wconf 93' lang='lat' dir='ltr'>et</span> <span class='ocrx_word' id='word_1_233' title='bbox 808 2307 943 2358; x_wconf 89' lang='lat' dir='ltr'>militibus</span> 
     </span>
     <span class='ocr_line' id='line_1_32' title="bbox 134 2374 943 2443; baseline -0.005 -15"><span class='ocrx_word' id='word_1_234' title='bbox 134 2379 195 2428; x_wconf 92' lang='lat' dir='ltr'>sine</span> <span class='ocrx_word' id='word_1_235' title='bbox 205 2378 263 2428; x_wconf 92' lang='lat' dir='ltr'>ullo</span> <span class='ocrx_word' id='word_1_236' title='bbox 275 2377 382 2428; x_wconf 84' lang='lat' dir='ltr'>sciente</span> <span class='ocrx_word' id='word_1_237' title='bbox 394 2391 464 2443; x_wconf 88' lang='lat' dir='ltr'>quae</span> <span class='ocrx_word' id='word_1_238' title='bbox 476 2390 545 2442; x_wconf 91' lang='lat' dir='ltr'>opus</span> <span class='ocrx_word' id='word_1_239' title='bbox 557 2383 652 2427; x_wconf 88' lang='lat' dir='ltr'>essent</span> <span class='ocrx_word' id='word_1_240' title='bbox 661 2376 819 2442; x_wconf 87' lang='lat' dir='ltr'>imperaret.</span> <span class='ocrx_word' id='word_1_241' title='bbox 839 2376 879 2425; x_wconf 83' lang='lat'>14.</span> <span class='ocrx_word' id='word_1_242' title='bbox 891 2374 943 2425; x_wconf 84' lang='lat' dir='ltr'>lta-</span> 
     </span>
     <span class='ocr_line' id='line_1_33' title="bbox 136 2443 943 2512; baseline -0.006 -16"><span class='ocrx_word' id='word_1_243' title='bbox 136 2460 189 2512; x_wconf 92' lang='lat' dir='ltr'>que</span> <span class='ocrx_word' id='word_1_244' title='bbox 204 2451 270 2511; x_wconf 89' lang='lat' dir='ltr'>post</span> <span class='ocrx_word' id='word_1_245' title='bbox 285 2452 403 2496; x_wconf 89' lang='lat' dir='ltr'>mortem</span> <span class='ocrx_word' id='word_1_246' title='bbox 417 2443 539 2494; x_wconf 87' lang='lat' dir='ltr'>Mausoli</span> <span class='ocrx_word' id='word_1_247' title='bbox 555 2444 704 2494; x_wconf 83' lang='lat' dir='ltr'>Artemisia</span> <span class='ocrx_word' id='word_1_248' title='bbox 719 2458 806 2494; x_wconf 81' lang='lat' dir='ltr'>uxore</span> <span class='ocrx_word' id='word_1_249' title='bbox 826 2444 886 2494; x_wconf 86' lang='lat' dir='ltr'>eius</span> <span class='ocrx_word' id='word_1_250' title='bbox 902 2457 943 2491; x_wconf 91' lang='lat' dir='ltr'>re-</span> 
     </span>
     <span class='ocr_line' id='line_1_34' title="bbox 135 2510 944 2581; baseline -0.006 -18"><span class='ocrx_word' id='word_1_251' title='bbox 135 2520 251 2581; x_wconf 85' lang='lat' dir='ltr'>gnante,</span> <span class='ocrx_word' id='word_1_252' title='bbox 268 2512 372 2564; x_wconf 91' lang='lat' dir='ltr'>Rhodii</span> <span class='ocrx_word' id='word_1_253' title='bbox 381 2512 559 2580; x_wconf 87' lang='lat' dir='ltr'>indignantes</span> <span class='ocrx_word' id='word_1_254' title='bbox 570 2512 715 2563; x_wconf 91' lang='lat' dir='ltr'>mulierem</span> <span class='ocrx_word' id='word_1_255' title='bbox 725 2512 863 2576; x_wconf 84' lang='lat' dir='ltr'>imperare</span> <span class='ocrx_word' id='word_1_256' title='bbox 879 2510 944 2560; x_wconf 88' lang='lat' dir='ltr'>civi-</span> 
     </span>
     <span class='ocr_line' id='line_1_35' title="bbox 135 2577 960 2652; baseline -0.001 -22"><span class='ocrx_word' id='word_1_257' title='bbox 135 2579 240 2630; x_wconf 90' lang='lat' dir='ltr'>tatibus</span> <span class='ocrx_word' id='word_1_258' title='bbox 253 2581 351 2632; x_wconf 86' lang='lat' dir='ltr'>Cariae</span> <span class='ocrx_word' id='word_1_259' title='bbox 363 2581 463 2646; x_wconf 85' lang='lat' dir='ltr'>totius,</span> <span class='ocrx_word' id='word_1_260' title='bbox 476 2586 582 2632; x_wconf 87' lang='lat' dir='ltr'>armata</span> <span class='ocrx_word' id='word_1_261' title='bbox 592 2580 684 2634; x_wconf 88' lang='lat' dir='ltr'>classe</span> <span class='ocrx_word' id='word_1_262' title='bbox 693 2577 824 2652; x_wconf 72' lang='lat' dir='ltr'>proiecti</span> <span class='ocrx_word' id='word_1_263' title='bbox 831 2584 960 2643; x_wconf 53' lang='lat' dir='ltr'>summit</span> 
     </span>
    </p>
   </div>
   <div class='ocr_carea' id='block_1_3' title="bbox 130 2647 978 2717">
    <p class='ocr_par' dir='ltr' id='par_1_3' title="bbox 130 2647 978 2717">
     <span class='ocr_line' id='line_1_36' title="bbox 130 2647 978 2717; baseline 0.006 -21"><span class='ocrx_word' id='word_1_264' title='bbox 130 2647 162 2694; x_wconf 82' lang='lat' dir='ltr'>id</span> <span class='ocrx_word' id='word_1_265' title='bbox 174 2659 289 2710; x_wconf 78' lang='lat' dir='ltr'>regnum</span> <span class='ocrx_word' id='word_1_266' title='bbox 305 2656 484 2717; x_wconf 80' lang='lat' dir='ltr'>occuparent.</span> <span class='ocrx_word' id='word_1_267' title='bbox 526 2653 609 2710; x_wconf 87' lang='lat' dir='ltr'>Tunc</span> <span class='ocrx_word' id='word_1_268' title='bbox 618 2653 796 2710; x_wconf 78' lang='lat' dir='ltr'>Artemisiae</span> <span class='ocrx_word' id='word_1_269' title='bbox 814 2654 978 2707; x_wconf 65' lang='lat' dir='ltr'>cumessct</span> 
     </span>
    </p>
   </div>
   <div class='ocr_carea' id='block_1_4' title="bbox 104 2708 1012 2882">
    <p class='ocr_par' dir='ltr' id='par_1_4' title="bbox 104 2708 1012 2882">
     <span class='ocr_line' id='line_1_37' title="bbox 116 2708 993 2804; baseline 0.034 -51"><span class='ocrx_word' id='word_1_270' title='bbox 116 2708 358 2789; x_wconf 55' lang='lat' dir='ltr'>internuntiorum,</span> <span class='ocrx_word' id='word_1_271' title='bbox 367 2720 395 2770; x_wconf 82' lang='lat' dir='ltr'>in</span> <span class='ocrx_word' id='word_1_272' title='bbox 405 2736 446 2804; x_wconf 39' lang='lat' dir='ltr'>&#39;eo</span> <span class='ocrx_word' id='word_1_273' title='bbox 455 2735 547 2794; x_wconf 84' lang='lat' dir='ltr'>portu</span> <span class='ocrx_word' id='word_1_274' title='bbox 559 2729 737 2787; x_wconf 85' lang='lat' dir='ltr'>abstrusam</span> <span class='ocrx_word' id='word_1_275' title='bbox 748 2729 882 2784; x_wconf 83' lang='lat' dir='ltr'>classem</span> <span class='ocrx_word' id='word_1_276' title='bbox 893 2764 902 2790; x_wconf 78' lang='grc'><em>,</em></span> <span class='ocrx_word' id='word_1_277' title='bbox 912 2720 993 2774; x_wconf 66' lang='lat' dir='ltr'>nela-</span> 
     </span>
     <span class='ocr_line' id='line_1_38' title="bbox 104 2773 1012 2882; baseline -0.004 -33"><span class='ocrx_word' id='word_1_278' title='bbox 104 2773 308 2839; x_wconf 55' lang='lat' dir='ltr'><strong><em>²¹¹s⁶m¹3¹b¹¹³</em></strong></span> <span class='ocrx_word' id='word_1_279' title='bbox 320 2792 352 2838; x_wconf 65' lang='lat'>⁰²</span> <span class='ocrx_word' id='word_1_280' title='bbox 362 2792 504 2870; x_wconf 64' lang='lat' dir='ltr'>epibatis,</span> <span class='ocrx_word' id='word_1_281' title='bbox 516 2808 731 2882; x_wconf 58' lang='lat' dir='ltr'>compararim</span> <span class='ocrx_word' id='word_1_282' title='bbox 742 2803 891 2875; x_wconf 85' lang='lat' dir='ltr'>reliquos</span> <span class='ocrx_word' id='word_1_283' title='bbox 902 2798 1012 2848; x_wconf 74' lang='lat' dir='ltr'>autem</span> 
     </span>
    </p>
   </div>
   <div class='ocr_carea' id='block_1_5' title="bbox 0 0 1036 3090">
    <p class='ocr_par' dir='ltr' id='par_1_5' title="bbox 0 0 1036 3090">
     <span class='ocr_line' id='line_1_39' title="bbox 0 0 1036 3090; baseline 0 0"><span class='ocrx_word' id='word_1_284' title='bbox 0 0 1036 3090; x_wconf 95' lang='lat' dir='ltr'> </span> 
     </span>
    </p>
   </div>
  </div>
 </body>
</html>
