2054 3090
242 266 245 271 ,
285 194 409 246 arnna
430 196 478 248 ιν.
503 194 586 247 cnr.
605 155 687 247 vrri.
856 197 911 248 ss-

51 324 54 331 ·
84 299 148 361 des,
162 298 208 348 uti
219 296 263 348 est
277 299 402 348 Castoris
417 299 445 347 in
460 299 558 360 Circo5
569 294 684 349 Athenis
698 299 730 346 in·
741 305 803 349 astu
817 299 887 349 etin

83 367 176 418 Attica
189 364 269 417 Sunii
288 365 411 415 Palladis
430 366 582 415 Minervae,
618 365 720 414 Earum
739 380 795 415 non
814 367 886 416 aliae

83 433 134 485 sed
148 432 264 484 eaedem
277 439 343 483 sunt
356 434 562 499 proportiones.
599 432 694 482 Cellae
710 433 783 482 enim
797 433 886 500 longi-

81 501 194 551 tudines
205 499 331 566 duplices
343 506 407 550 sunt
416 501 451 550 ad
462 500 638 562 latitudines,
652 500 694 550 uti
705 499 815 565 reliqua
828 501 876 550 exi

82 582 171 683 sona,l
185 581 256 633 quae
271 568 364 618 solent
379 582 443 618 esse
456 568 485 617 in
499 566 652 629 frontibus,
672 566 708 617 ad
720 567 810 617 latera
824 573 888 618 sunt

81 640 160 685 trans
173 640 226 684 ata.

134 701 158 752 5.
177 700 311 752 Nonnulli
331 703 414 752 etiam
435 702 469 752 de
489 702 654 752 Tuscanicis
674 702 825 769 generibus
844 696 888 753 su·¹

60 775 191 819 ⁴mentes
214 769 405 820 columnarum
433 770 634 835 dispositiones
659 769 832 820 transferunt
858 770 887 819 in

31 865 34 870 -
83 833 292 886 Corinthiorum
304 842 334 888 et
342 837 500 887 lonicorum
511 851 626 902 operum
637 837 842 898 ordinationes,
860 842 888 887 et

83 903 184 969 quibus
197 903 225 953 in
239 903 311 954 locis
321 905 350 954 in
360 919 465 970 pronao
476 909 644 970 procurrunt
654 910 735 955 antae
748 905 777 955 in
787 903 887 954 iisdem

83 986 99 1022 e
116 971 233 1037 regione
249 971 337 1022 cellae
351 972 488 1036 parietum
499 972 642 1021 columnas
652 971 732 1021 binas
748 971 888 1022 collocan-

82 1044 127 1087 tes
148 1037 271 1088 e‘fficiunt
289 1039 508 1090 Tuscanicorum
531 1044 560 1089 et
579 1038 750 1088 Graecorum
773 1052 888 1103 operum

84 1119 257 1155 communem
267 1106 520 1157 ratiocinationem.
557 1104 581 1155 6.
600 1105 652 1154 Alii
667 1120 734 1155 vero
744 1119 888 1154 removen-
914 1104 918 1112 '

83 1178 127 1222 tes
144 1171 268 1236 parietes
285 1173 363 1223 aedis
379 1179 408 1223 et
421 1173 593 1239 applicantes
613 1173 648 1222 ad
665 1172 888 1234 intercolumnia,

82 1244 257 1304 pteromatos
268 1241 359 1304 spatio
371 1239 475 1290 sublati
486 1240 609 1290 officiunt
619 1238 739 1305 amplum
749 1239 888 1289 laxamen-

82 1314 142 1356 tum
153 1304 255 1356 cellae:
269 1307 379 1373 reliqua
389 1313 482 1358 alitem
492 1307 721 1374 proportionibus
732 1313 761 1356 et
771 1321 888 1372 symme-

82 1373 146 1423 triis
168 1371 268 1423 iisdem
291 1380 489 1424 conservantes
509 1374 585 1424 aliud
604 1389 692 1440 genus
715 1373 821 1440 figurae
841 1389 888 1424 no·

84 1440 220 1506 minisque
239 1440 369 1492 videntur
387 1438 670 1509 Pseudoperipterum
685 1442 887 1509 procreavisse.

83 1507 164 1557 llaec
177 1512 270 1558 autem
304 1522 388 1559 onera
397 1516 602 1575 propter-usum
613 1509 813 1560 sacrificiorum
825 1524 889 1559 con·

82 1580 237 1626 vertuntur.
300 1590 336 1626 on
353 1575 427 1626 enim
443 1576 570 1627 omnibus
589 1575 643 1627 diis
659 1577 760 1627 iisdem
774 1577 890 1626 rationi-

82 1642 138 1692 bus'
146 1641 232 1692 aedes
243 1641 474 1707 suntfacienda03
494 1644 569 1710 quod
580 1644 652 1695 alius
661 1644 741 1706 alios,
752 1638 888 1694 varietate

69 1720 239 1771 sacrorum,
253 1710 422 1776 religionum
433 1706 518 1762 babet
527 1705 654 1762 effectus.
859 1724 862 1728 “

133 1778 159 1827 t,
179 1775 282 1841 Omnes
301 1777 412 1828 aedium
425 1792 566 1830 sacrarum
584 1779 828 1839 ratiocinationes,
848 1779 888 1827 nti

84 1842 154 1894 mibi
166 1843 287 1895 traditae
302 1851 378 1907 sunt,
393 1847 524 1912 exposui,
544 1846 712 1911 ordinesque
728 1850 757 1895 et
771 1859 888 1910 symme-

85 1912 155 1961 trias
166 1919 260 1962 earum
271 1912 468 1978 partitionibus
484 1912 612 1976 distinxi3
633 1918 661 1963 et
669 1926 785 1978 quarum
799 1910 889 1977 dispa-

85 1993 132 2029 res
150 1982 215 2029 sunt
233 1979 354 2046 figurae,
376 1986 404 2030 ot
422 1980 525 2097 guibus
546 1978 753 2030 discriminibus
771 1979 845 2027 inter
859 1992 889 2027 se

50 2093 54 2101 ,
86 2050 150 2096 sunt
160 2045 331 2112 disparatae,
348 2057 421 2114 quoa
449 2048 528 2115 potui
539 2046 699 2113 significare
711 2045 831 2111 scriptis,
844 2060 889 2095 ex-

84 2112 174 2178 posui.
210 2112 290 2164 Nunc
300 2113 335 2165 de
345 2115 401 2165 aris
413 2114 528 2164 deorum
537 2112 745 2174 immortalium,
753 2113 793 2162 uti
799 2118 889 2178 aptam

84 2180 315 2296 gonstitutionem
330 2180 451 2232 babeant
469 2181 503 2230 ad
522 2181 724 2231 sacrificiorum
742 2180 892 2241 rationem,

103 2261 184 2299 ream.

382 2347 515 2400 CAPUT
541 2348 593 2400 lx.

406 2427 571 2484 (rulssoVIII.)

236 2501 284 2553 De
302 2503 370 2553 arie
388 2509 518 2553 deorum
536 2499 736 2554 ordinandis.

134 2588 206 2638 Areo
220 2592 348 2653 spectent
361 2587 396 2637 ad
411 2588 560 2649 orientem,
576 2592 605 2637 et
618 2600 728 2653 semper
740 2584 891 2635 inferiores

87 2655 144 2706 sint
157 2654 314 2705 collocatae
329 2668 411 2720 quam
425 2655 585 2716 simulacra,
601 2668 671 2720 quae
685 2653 791 2703 fuerint
804 2653 832 2702 in
846 2667 890 2702 ae-

85 2723 138 2800 des
153 2723 196 2772 uti
207 2723 391 2788 suspicientes
403 2722 576 2773 divinitatem
589 2723 633 2788 qui
646 2722 803 2788 supplicant
813 2727 841 2771 et
850 2736 890 2770 sa-
