2054 3090
108 157 156 209 146
304 159 358 211 DE
384 159 707 212 ARCHITECTURA

107 264 231 312 mentum
254 275 269 312 e
291 266 401 314 tessera
418 260 517 329 grandi
541 261 653 314 circiter
669 259 765 311 binum
787 261 907 329 digitum

109 342 192 380 caesa
205 333 343 390 struatur,
357 327 501 396 fastigium
515 326 619 379 habens
631 328 662 378 in
668 326 756 408 pedes
767 327 859 380 denos
869 329 907 380 di·

109 396 184 464 gitos
197 394 292 460 binos3
312 395 399 462 quod,
409 395 513 447 sibene
524 395 723 462 temperabitur
732 399 761 445 et
770 404 851 447 recte
860 395 908 446 fri·

111 469 201 514 catum
214 461 313 523 fuerit,
327 461 362 512 ab
378 462 504 512 omnibns
514 463 591 513 vidis
605 462 767 513 erittutum.
804 463 853 514 Uti
862 479 907 514 au-

109 537 165 580 tem
179 530 253 580 inter
267 533 433 596 coagmenta
440 529 572 581 materies
586 529 620 580 ab
630 528 771 597 gelicidiis
782 544 817 580 ne
830 529 908 581 labo-

111 602 165 658 ret,
185 594 308 646 fracibus
321 596 474 663 ‘quotannis
493 602 557 647 ante
567 595 685 647 hiemem
695 601 851 660 saturetur3
870 597 909 647 ita

110 678 164 713 non
178 663 299 728 patietur
312 662 341 712 in
355 676 386 713 se
405 663 530 742 recipere
542 663 670 780 gelicidii
687 662 822 730 pruinam.
860 662 909 716 Sin

110 735 202 779 autem
222 729 361 780 curiosius
379 728 519 780 videbltur
562 731 604 781 eri
626 738 770 798 oportere,
794 730 909 798 tegulae

110 795 253 862 bipedales
271 796 345 846 inter
363 810 394 847 se
413 802 623 864 coagmentatae
643 812 727 864 supra
743 796 831 848 rudus
846 796 909 848 snb·

111 867 199 913 strata
218 863 336 914 materia
355 863 542 926 collocentur,
562 862 696 914 babentes
711 864 830 932 singulis
843 879 909 915 coa·

111 935 286 997 gmentorum
296 928 435 982 frontibus
452 931 563 983 excisos
577 931 747 982 canaliculos
766 929 909 997 digitales,

56 1020 58 1024 ·
112 997 211 1065 quibus
235 997 336 1048 iunctis
360 997 526 1065 impleantur
548 999 625 1049 calce
644 1012 680 1049 ex
698 997 762 1048 oleo
782 997 908 1059 subacta,

113 1063 356 1132 confricenturque
366 1065 439 1115 inter
449 1079 479 1115 se
489 1069 831 1132 coagmentacompressa
868 1064 910 1115 lta

113 1132 176 1183 calx
185 1146 255 1199 quae
267 1132 321 1183 erit
332 1130 449 1184 haerens
459 1132 487 1182 in
498 1132 660 1194 canalibus,
668 1131 842 1183 durescendo
854 1147 908 1183 non

112 1199 233 1265 patietur
255 1215 272 1250 a
291 1214 353 1250 uam
376 1213 465 1266 neque
486 1199 570 1250 aliam
595 1213 653 1249 rem
672 1213 722 1266 per
743 1204 911 1266 coagmenta

113 1266 241 1317 transire.
273 1215 344 1316 Cum
357 1281 431 1333 ergo
445 1265 532 1317 fucrit
544 1263 598 1317 lroc
611 1267 651 1316 ita
665 1271 847 1333 perstratum,
866 1281 911 1318 su·

113 1347 164 1402 pra
172 1333 287 1383 nucleus
297 1333 452 1396 inducatur,
463 1340 492 1384 et
500 1333 587 1400 virgis
597 1331 740 1384 caedendo
748 1332 910 1413 subigaturz

114 1413 197 1464 supra
210 1404 302 1449 autem
317 1399 376 1448 sive
391 1414 426 1450 ex
435 1405 543 1450 tessera
552 1400 651 1466 grandi
665 1400 724 1451 sive
734 1413 770 1450 ex
779 1414 858 1468 space
869 1404 911 1450 te·

115 1470 210 1515 stacea
219 1471 361 1515 struantur
370 1464 501 1533 fastigiis,
507 1467 605 1534 quibus
617 1472 660 1517 est
670 1481 754 1533 supra
763 1468 910 1534 scriptum3

116 1536 153 1593 et,
165 1546 226 1582 cum
236 1531 278 1581 sic
288 1530 460 1595 enuntiem,
471 1548 526 1584 non
537 1535 592 1586 cito
603 1533 781 1585 vitiabuntur.

416 1633 548 1686 CAPUT
574 1633 611 1687 11.

147 1713 195 1768 De
216 1715 433 1768 raacerotioue
451 1717 551 1770 coicis
568 1719 609 1769 ad
627 1717 757 1770 albario
779 1732 877 1784 opero

402 1783 624 1854 perficiendo.
829 1851 833 1858 .

165 1869 232 1920 Cum
244 1869 487 1940 operimentorum
498 1884 564 1920 cura
573 1869 726 1920 discessum
735 1866 835 1928 fuerit,
845 1872 912 1918 tunc

115 1936 301 1987 dealbariiso
322 1935 679 2003 eribusestexplicandum.
714 1934 914 1985 ldautemerit

115 2008 205 2064 recte,
220 2003 244 2052 si
260 1952 360 2070 gleirae
375 2003 460 2053 calcis
476 2003 595 2069 optimae
605 2002 765 2053 antemulto
775 2006 911 2067 tempore,

116 2085 196 2135 quam
211 2086 226 2119 o
247 2086 279 2120 us
292 2068 390 2131 fuerit,
408 2070 634 2132 macerabuntur3
653 2069 707 2131 uti,
722 2069 745 2118 si
759 2083 815 2134 qua
827 2066 911 2134 gleba

116 2151 210 2200 parum
258 2136 312 2186 erit
325 2137 353 2186 in
367 2134 481 2188 fornace
505 2143 599 2199 cocta,
616 2137 644 2187 in
654 2135 843 2187 maceratione
853 2133 912 2184 diu·

115 2211 196 2251 torna
215 2202 323 2267 liquore
343 2201 488 2255 defervere
506 2209 605 2256 coacta
620 2218 675 2254 uno
693 2207 791 2253 tenore
811 2215 912 2252 conco-

116 2274 224 2334 quetur.
259 2267 384 2335 Namque
394 2285 455 2321 cum
465 2285 521 2322 non
531 2271 640 2338 penitus
650 2272 791 2333 macerate
805 2267 856 2318 sed
869 2281 921 2330 re-¹

117 2350 182 2387 cens
202 2335 332 2397 sumitur,
353 2352 415 2386 cum
433 2336 520 2389 fuerit
535 2338 649 2388 inducta
667 2335 771 2387 babens
790 2335 911 2385 latentes

116 2403 217 2455 crudos
237 2402 373 2465 calculos,
396 2405 520 2472 pustulas
540 2405 655 2465 emittit,
678 2404 743 2470 quia
762 2401 864 2452 calculi
881 2401 910 2450 in

116 2485 214 2536 opere,
225 2486 279 2521 uno
290 2475 388 2522 tenore
399 2487 459 2523 cum
471 2468 551 2538 [ooo]
563 2473 800 2539 permacerantur,
811 2466 911 2518 dissol-

116 2546 183 2590 nunt
192 2544 221 2590 et
230 2537 367 2604 dissipant
376 2539 487 2590 tectorii
499 2539 659 2605 politiones.
694 2539 719 2605 i.
739 2535 807 2586 Cum
817 2539 910 2585 autem

114 2603 210 2656 habita
224 2607 278 2656 crit
287 2607 358 2658 ratio
369 2606 580 2668 macerationis,
595 2612 624 2656 et
631 2604 661 2655 id
672 2603 809 2655 curiosius
825 2615 910 2669 opera

115 2679 308 2741 praeparatum
322 2674 388 2737 erit,
403 2680 527 2726 sumatur
536 2673 626 2735 ascia,
641 2676 669 2723 et
682 2668 912 2739 quemadmodum
