2054 3090
226 192 353 244 urana
369 193 403 246 v.
432 191 515 246 cnr.
533 193 570 248 a
732 147 795 244 ⁴''1'1'1

80 294 203 358 luorum,
223 309 329 361 eaeque
344 301 486 361 struantur
497 295 600 361 argilla
613 308 675 346 cum
693 293 797 361 capillo

80 368 123 420 ta:
148 377 286 429 supraque
312 363 488 413 collocentur
510 363 623 429 tegulae
641 361 796 427 bipedales,

84 431 243 480 sustineant
256 431 452 496 pavimentum.
488 429 512 480 3.
533 429 797 479 concamerationes

80 497 102 548 si
115 512 150 549 ex
164 502 304 547 structura
317 495 409 547 iactae
423 496 540 558 luerint,
556 503 638 547 erunt
652 496 796 546 utiliores:

80 570 141 615 rtem
154 565 380 631 contignationes
390 563 509 626 fuerint,
520 564 645 630 figlinum
658 578 727 630 opus
735 563 797 612 sub·

80 647 116 682 ur.
153 631 209 684 Sed
219 630 555 682 hocitaeritfaciendum:
566 631 682 698 regulae
688 630 797 680 ferreae

80 714 133 750 'cus
145 699 224 761 fiant,
241 714 347 765 eaeque
363 699 474 750 uncinis
487 698 588 749 ferreis
604 699 639 749 ad
655 699 800 764 contigua-⁴

80 783 100 816 m
111 767 316 832 suspendantur
326 781 407 833 quam
420 765 613 830 creberrimis3
636 780 741 832 eaeque
757 780 798 815 re-

88 835 147 884 sive
159 849 239 883 arcus
249 835 290 884 ita
298 834 490 899 disponantur,
500 839 532 883 ut
541 834 653 901 tegulae
662 834 722 883 sine
729 847 798 882 mar·

80 918 106 952 rs
121 901 220 952 sedere
236 902 265 950 in
279 901 385 951 duabus
404 899 553 966 invehique
572 901 694 967 possint,
714 905 742 950 et
759 899 798 947 ita

89 969 346 1019 concamerationes
361 969 390 1017 in
407 967 483 1018 ferro
497 968 620 1018 nitentes
636 968 692 1017 sint
707 963 797 1031 perie-

91 1051 239 1101 earumque
251 1050 422 1086 camerarum
433 1036 579 1100 superiora
590 1049 641 1085 coa
691 1038 755 1082 enta
765 1046 798 1080 ex

80 1118 171 1153 acum
188 1103 289 1169 capillo
305 1103 421 1154 subacta
439 1102 580 1154 liniantur.
616 1101 646 1151 ln
661 1101 737 1150 ericr
753 1114 804 1149 au·-

81 1185 134 1233 ars,
146 1186 216 1236 qnae
228 1171 263 1221 ad
273 1171 460 1236 pavimentum
471 1175 587 1235 spectat,
598 1168 715 1233 primum
725 1171 800 1217 testa

80 1238 145 1291 :alce
155 1239 340 1299 trullissetur,
356 1237 457 1287 deinde
468 1251 553 1303 opere
568 1236 675 1285 albario
686 1235 745 1285 sive
761 1240 800 1283 te·

80 1320 87 1354 r
95 1307 232 1422 poliatur.
268 1304 381 1371 Eaeque
395 1318 521 1355 camerae
531 1304 559 1353 in
571 1302 702 1366 caldariis
713 1302 738 1353 si
752 1301 799 1352 du-

80 1389 85 1422 ι
108 1380 187 1423 actae
197 1373 313 1435 fuerint,
324 1372 470 1423 meliorem
480 1370 622 1423 habebunt
633 1385 724 1421 usum:
744 1385 800 1419 nou

86 1456 102 1490 a
115 1456 218 1507 vapore
232 1439 333 1491 humor
346 1455 524 1505 corrumpere
537 1439 643 1505 poterit
656 1437 800 1488 materiem

80 1510 226 1575 gnationis,
238 1508 289 1559 sed
299 1509 372 1559 inter
383 1510 451 1559 duas
461 1523 584 1559 cameras
595 1506 750 1574 vagabitur.
775 1506 798 1555 l

80 1577 206 1627 itudines
227 1584 318 1627 autem
337 1576 499 1627 balnearum
516 1575 645 1626 videntur
671 1573 731 1624 lieri
750 1586 800 1638 pro

89 1642 239 1693 hominum.
276 1643 338 1696 Sint
347 1650 440 1694 autem
449 1643 490 1693 ita
500 1643 686 1709 compositae:
699 1647 802 1706 quanta

80 1711 144 1759 tudo
162 1709 259 1772 fuerit,
276 1712 361 1761 tertia
377 1711 488 1776 dempta
503 1711 622 1760 latitudo
640 1709 678 1759 sit
690 1712 802 1773 praeter

80 1792 123 1824 am
133 1776 206 1824 labri
216 1782 244 1826 et
255 1778 339 1828 alvei:
360 1778 467 1828 labrum
478 1779 574 1843 utique
585 1777 636 1826 sub
647 1776 751 1829 lumine
761 1773 801 1823 fa-

82 1860 126 1894 unr
141 1842 263 1905 videtur,
279 1859 313 1894 ne
326 1851 436 1896 ‚stantes
450 1845 553 1895 circum
566 1844 625 1894 suis
637 1842 742 1892 umbris
754 1839 801 1890 ob-

80 1918 110 1961 nt
130 1912 228 1960 lucem.
266 1910 385 1962 Scholas
403 1918 495 1963 autem
516 1912 659 1961 labrorum
681 1909 722 1959 ita
740 1907 801 1958 lieri

82 1986 110 2029 et
121 1979 271 2043 spatiosas,
281 1985 321 2039 ut,
333 1994 394 2028 cum
401 1980 510 2045 priores
520 1976 718 2043 occupaverint
727 1974 799 2036 loca,

80 2051 263 2112 suspectantes
278 2046 380 2111 reliqui
393 2052 470 2096 recte
481 2051 556 2095 stare
569 2044 688 2110 possint.
722 2043 800 2093 Alvei

80 2131 89 2164 ι
105 2115 225 2164 latitudo
240 2114 313 2164 inter
330 2113 465 2178 parietem
480 2119 508 2164 et
522 2113 647 2178 pluteum
661 2126 695 2161 ne
711 2111 801 2160 asinus

80 2183 248 2242 edessenos,
268 2181 414 2248 utgradus
429 2178 548 2231 inferior
562 2178 628 2230 inde
644 2178 753 2229 auferat
774 2183 802 2227 et

80 2266 126 2299 nus
141 2250 211 2299 duos
225 2249 321 2314 pedes.
356 2248 381 2299 5.
400 2247 571 2299 Laconicum
584 2245 801 2310 sudationesque

80 2317 283 2382 coniungendae
294 2316 443 2381 tepidario,
454 2330 560 2382 eaeque
568 2330 649 2384 quam
660 2315 733 2365 latae
744 2312 802 2362 iue-

82 2390 186 2434 tantam
203 2384 379 2434 altitudinem
393 2382 516 2434 habeant
528 2383 564 2433 ad
577 2384 662 2434 imam
677 2386 803 2431 curvatu-

80 2450 279 2517 remisphaerii:
298 2452 419 2502 medium
440 2466 475 2502 ue
482 2451 576 2502 lumen
587 2451 616 2500 in
630 2446 803 2514 hemisphae-

80 2519 242 2585 rlinquatur,
262 2534 297 2572 ex
314 2535 403 2586 eoque
420 2467 548 2586 blypeum
565 2532 681 2567 aeneum
696 2514 802 2565 catenis

80 2592 131 2649 eat,
145 2602 196 2653 per
208 2588 287 2638 cuius
302 2587 482 2639 reductiones
497 2592 527 2637 et
543 2585 729 2636 demissiones
742 2595 803 2647 pcr-

80 2670 108 2706 ur
123 2655 280 2706 sudationis
294 2661 496 2721 temperatura3
516 2655 661 2720 ipsumque
677 2651 711 2701 ad
722 2649 801 2700 circi·

80 2723 143 2774 lieri
161 2730 291 2788 oportere
309 2725 433 2775 ridetur,
455 2729 488 2776 ut
498 2721 655 2789 aequaliter
674 2735 690 2770 a
709 2717 801 2769 medio
868 2772 871 2777 ⁵
