2054 3090
110 187 161 236 2⁰4
310 186 365 238 DE
390 186 716 242 ARCHITECTURA

110 287 340 354 quemadmodum
350 304 478 356 quosque
488 288 607 343 effectus
619 288 753 361 natasse,
764 292 911 358 emptu.

110 363 158 406 tas·
174 355 356 422 reliquerunt.
391 356 516 416 Quorum
538 358 652 410 inventa
668 357 761 410 senti
783 357 910 409 filetum

110 430 187 474 ortus
198 429 227 475 et
236 438 355 475 occasus
368 429 618 491 tempestatumque
634 424 808 492 signilicatns
816 425 909 476 Eudo·

110 507 173 553 xus,
183 491 350 554 Euctemon,
362 491 513 557 Callippus,
523 493 611 554 Meto,
622 490 776 560 Philippus,
788 492 910 560 llippsr·

110 557 191 620 ebus,
204 560 304 610 Aratus
315 560 456 625 ceterique
472 575 507 610 eu
523 558 679 626 astrologia
685 561 864 616 invenerunt.
881 565 911 610 et

111 623 185 692 [eas]
201 633 459 693 parapegmatorum
473 627 635 693 disciplinas
652 627 773 693 posteris
789 627 909 694 explica-

107 701 151 743 tas
167 694 347 759 reliquerunt.
384 693 507 754 Quorum
521 695 656 746 scientiae
669 700 734 745 sunt
749 692 910 745 hominibus

109 760 910 896 iitittiltttitliitiitstit'itgnintdtiz

109 893 218 946 futuros
232 902 295 945 ante
309 896 506 960 pronunciare:
527 911 595 962 quas
611 895 646 946 ob
662 911 708 948 res
722 893 792 946 haec
812 911 909 947 eorum

109 963 182 1013 curis
193 963 348 1028 studiisque
359 970 423 1013 sunt
430 963 617 1016 concedenda.

393 1063 528 1114 CAPUT
554 1063 620 1114 Vll.

425 1128 591 1186 (vurgovm.)

177 1202 335 1266 (Docetur
361 1205 592 1257 analemmatos
619 1202 840 1274 deformatio.)

159 1300 246 1353 Nobis
260 1308 353 1353 autem
367 1302 400 1353 ab
419 1300 463 1353 his
477 1301 649 1368 separandae
664 1309 728 1353 suut
739 1300 908 1370 [horologiu-

109 1367 180 1435 rum]
193 1370 318 1420 rationes
329 1374 358 1420 et
366 1370 547 1435 explicandae
556 1373 715 1420 menstruae
729 1369 838 1420 dierum
847 1370 910 1421 bre-

109 1438 209 1487 vitates
218 1437 340 1502 itemque
351 1436 552 1502 depalationes.
587 1436 711 1504 Namque
722 1437 767 1488 sol
776 1439 909 1504 aequino-

111 1503 188 1554 ctiali
216 1509 342 1569 tempore
373 1505 467 1556 Ariete
497 1504 638 1571 Libraque
670 1504 808 1556 versando
839 1520 908 1571 quas

110 1586 146 1622 ex
177 1585 315 1638 gnomone
347 1577 440 1638 partes
471 1571 556 1624 babet
578 1586 688 1634 novem,
719 1587 767 1623 eas
792 1573 908 1624 umbrae

109 1638 178 1689 facit
196 1644 260 1689 octo
279 1639 307 1688 iu
328 1639 515 1691 declinatione
539 1639 612 1691 coeli
637 1655 708 1706 quae
727 1646 772 1690 est
788 1640 907 1691 Romae:

108 1706 230 1773 itemque
245 1704 359 1774 Athenis
375 1722 456 1773 quarn
470 1722 587 1774 magnae
602 1713 666 1759 sunt
683 1708 831 1775 gnomonis
846 1723 907 1773 par-

109 1782 151 1826 tes
173 1781 304 1844 quatuor,
324 1775 436 1832 umbrae
456 1783 520 1826 sunt
537 1782 608 1826 tres:
628 1775 664 1825 ad
682 1780 788 1842 septem
806 1773 906 1826 Rhodo

110 1844 241 1909 quinque:
253 1849 282 1893 at
292 1844 408 1894 Tarenti
417 1858 515 1893 novem
525 1843 561 1892 ad
570 1841 712 1904 undecim3
720 1841 906 1894 Alexandriae

109 1915 167 1960 tres
177 1910 213 1960 ad
220 1911 339 1977 quinque
349 1927 356 1973 3
378 1912 533 1976 ceterisque
544 1909 671 1960 omnibus
680 1909 753 1960 locis
764 1909 838 1960 eliae
849 1910 905 1960 elio

110 1977 192 2028 modo
213 1978 326 2028 umbrae
343 1993 510 2044 gnomonum
526 1976 744 2043 aequinoctiales
759 1977 794 2026 ab
808 1984 908 2027 namra

109 2058 200 2095 rerum
209 2046 386 2096 inveniuntur
400 2045 567 2112 disparatae.
602 2046 627 2095 2.
645 2043 688 2094 lta
698 2045 726 2094 in
740 2044 906 2109 quibuscun-

110 2127 162 2176 que
176 2112 247 2162 locis
263 2111 412 2179 horologia
429 2118 509 2163 erunt
526 2111 722 2173 describenda,
743 2125 777 2161 eo
791 2111 848 2162 loci
861 2127 906 2162 su-

109 2179 209 2235 menda
221 2185 266 2231 ost
278 2180 491 2244 aequinoctialis
499 2180 607 2229 umbra:
627 2185 658 2230 et
669 2179 695 2230 si
706 2185 790 2228 crunt
800 2180 905 2245 (quem-

109 2245 256 2297 admodum
270 2245 385 2310 Romac)
400 2248 548 2314 gnomonis
560 2252 654 2313 partes
663 2259 778 2308 norem,
791 2246 906 2298 umbrae

110 2319 242 2378 octonae,
262 2314 435 2365 ducebatur
447 2314 523 2365 linea
534 2314 706 2382 in'planitia,
725 2319 755 2369 et
767 2325 803 2365 ex
814 2313 907 2365 medis

40 2397 44 2405 ·
108 2377 172 2445 πρὸς
183 2378 269 2448 ὀρθάς
278 2382 416 2449 erigatur,
431 2382 472 2432 uti
482 2383 519 2432 sit
528 2383 564 2433 ad
573 2397 709 2444 normam,
722 2395 794 2448 quae
805 2380 907 2432 dicitur

110 2463 243 2514 gnomon:
268 2455 297 2500 et
315 2465 332 2499 a
351 2449 438 2511 linea,
460 2465 530 2516 quae
547 2451 602 2501 erit
618 2449 765 2515 planitiae,
784 2449 813 2500 in
831 2449 907 2500 linea

109 2516 256 2581 gnomonis
266 2518 373 2568 circino
385 2530 484 2568 novem
495 2534 508 2568 s
528 2519 585 2569 atie
600 2517 792 2577 dimetiantur,
810 2523 840 2567 et
850 2530 906 2586 quo

109 2582 172 2634 loco
183 2600 274 2636 nouae
286 2586 374 2651 partis
385 2585 494 2654 signum
504 2534 601 2648 Aterit,
617 2591 742 2637 connum
755 2584 906 2635 constitua-

109 2656 163 2711 tur,
173 2652 220 2702 ubi
231 2654 285 2703 erit
294 2653 419 2704 literaA=
438 2659 467 2704 et
476 2653 589 2705 diducto
600 2652 705 2704 circino
717 2651 796 2703 abeo
809 2658 906 2702 cenmo

110 2716 145 2766 ad
155 2716 256 2770 lineam
268 2720 413 2789 planitiae,
428 2719 474 2770 ubi
486 2723 540 2773 erit
552 2721 634 2772 litera
644 2719 679 2783 B,
697 2719 842 2774 circinatio
854 2720 896 2770 cir
