2054 3090
116 197 162 245 lii
309 194 364 245 DE
390 195 717 249 ARCHITECTURA

112 312 207 348 corum
232 304 345 348 naturas
370 303 419 348 aut
439 299 623 351 necessitates
651 298 842 351 detractiones
865 303 912 348 aut

111 365 285 416 adiectiones
295 365 356 415 lieri
367 365 501 428 debeant,
513 366 564 418 sed
574 368 615 417 ita
623 368 664 418 uti
674 364 781 417 nibilin
791 363 835 415 his
846 379 910 431 ope-

111 433 187 482 ribus
202 431 385 483 desideretur.
421 432 502 484 Haec
519 441 610 484 autem
631 434 714 485 etiam
733 433 909 500 ingeniorum

110 499 282 550 acuminibus
296 514 352 550 non
365 500 455 550 solum
466 500 600 553 doctrinis
613 501 777 551 efficiuntur.
813 499 838 550 5.
858 499 911 566 lgi-

109 574 155 617 tur
165 567 312 617 statuenda
320 573 364 617 est
389 568 486 617 limum
497 569 569 618 ratio
582 568 819 635 symmetriarum,
833 581 912 633 aqua

110 640 236 684 sumatur
254 634 315 684 sine
335 582 508 686 dubitatione
526 636 719 686 commutatio:
743 633 845 685 deinde
865 648 912 685 ex·

109 701 230 767 plicetur
244 701 336 767 operis
347 701 434 753 futuri
447 707 475 752 et
484 702 609 752 locorum
619 703 703 752 imum
714 701 834 768 spatium
851 701 912 751 lon·

131 768 244 819 'tudinis
260 774 289 818 et
303 768 472 831 latitudinis,
483 769 563 819 cuius
578 784 639 820 cum
655 770 743 820 semel
758 769 914 819 constituta

110 784 195 886 inierit
211 835 387 902 magnitudo,
404 842 538 903 sequatur
548 850 608 886 eam
618 835 810 903 proportionis
819 834 855 885 ad
865 835 912 885 de-

110 918 203 954 corem
219 903 378 969 apparatio,
397 904 437 953 uti
453 903 561 954 nonsit
576 903 820 954 considerantibus
833 917 912 968 aspe-

109 977 169 1021 ctus
185 968 359 1037 eurythmiae
372 969 481 1020 dubius.
516 969 559 1020 De
570 986 635 1037 qua,
647 970 746 1037 quibus
753 969 913 1020 rationibus

110 1039 259 1100 alliciatur,
279 1043 323 1088 est
337 1035 406 1087 mihi
419 1038 670 1103 pronunciandum3
690 1037 862 1104 primumque
877 1036 913 1087 de

109 1105 183 1156 cavis
195 1105 314 1168 aedium,
323 1104 363 1155 uti
375 1105 436 1155 lieri
446 1103 573 1166 debeant,
585 1105 682 1156 dicam.

404 1206 538 1258 CAPUT
565 1206 618 1257 ill.

109 1288 156 1339 De
180 1288 269 1340 cavis
294 1290 422 1340 aedium
451 1290 519 1340 sive
545 1289 658 1351 striis,
691 1291 726 1341 de
752 1288 833 1351 slis,
865 1297 911 1341 ts·

111 1356 198 1406 ilino
223 1364 254 1406 et
271 1355 457 1422 peristylio,
481 1363 550 1408 sect.
570 1357 594 1408 8.
616 1356 643 1408 9.
663 1357 759 1424 (vulgo
778 1357 845 1423 Gap.
863 1356 911 1421 V.)

109 1424 144 1474 de
163 1421 336 1482 tricliniis,
356 1422 448 1484 oecis,
468 1424 611 1486 exedris,
626 1423 864 1490 pinacothecis
881 1433 914 1475 et

110 1504 218 1541 eorum
239 1488 514 1552 dimensionibus,
536 1497 604 1542 sect.
618 1493 657 1543 lt.
670 1493 710 1542 ll.
727 1491 823 1559 (vulgo
841 1491 911 1558 Cap.

150 1555 211 1620 Vl.)
230 1556 265 1606 ie
289 1555 378 1606 oecis
400 1572 486 1607 more
510 1556 647 1610 Graeco.
683 1559 868 1626 (Cyzicenis.)

160 1641 235 1691 Cava
249 1640 359 1691 aedium
379 1640 499 1708 quinque
518 1643 668 1710 generibus
688 1649 753 1694 sunt
770 1643 912 1704 distincta,

126 1723 224 1760 uorum
234 1708 275 1759 ita
284 1707 390 1776 figurae
399 1709 589 1762 nominantur:
609 1711 803 1771 Tuscanicurn,
815 1710 912 1760 Corin-

108 1785 120 1829 t
140 1779 210 1840 ium,
228 1776 425 1843 Tetrastylon,
444 1776 664 1844 Displuviatum,
688 1776 912 1828 Testudinatum.

110 1846 266 1896 Tuscanica
281 1850 357 1906 sunt,
372 1845 401 1894 in
416 1845 515 1910 quibus
530 1845 625 1896 trabes
640 1846 670 1895 in
684 1846 747 1896 atrii
763 1843 911 1896 latitudine

109 1913 244 1963 traiectae
260 1910 381 1962 habeant
392 1911 582 1978 interpensiva
596 1918 625 1963 et
638 1912 766 1964 collicias
776 1911 811 1961 ab
826 1926 910 1977 angu-

110 1981 145 2029 iis
163 1979 300 2046 parietum
321 1978 356 2029 ad
375 1979 493 2046 angulos
518 1980 659 2046 tignorum
683 1981 911 2039 intercurrentes,

111 2049 177 2098 item
188 2046 329 2097 asseribus
340 2045 548 2097 stillicidiorum
558 2048 586 2096 in
595 2047 715 2097 medium
726 2046 912 2112 complurium

112 2114 236 2164 deiectis.
273 2113 303 2164 ln
317 2111 470 2165 Corinthiis
484 2114 586 2165 iisdem
602 2114 757 2165 rationibus
772 2113 866 2164 trabes
883 2123 912 2163 et

111 2180 267 2246 compluria
278 2180 464 2242 collocantur,
480 2180 531 2232 sed
542 2196 558 2231 a
568 2181 722 2248 parietibus
732 2180 826 2232 trabes
835 2195 911 2231 rece·

111 2247 208 2298 dentes
227 2246 255 2296 in
270 2247 435 2298 circuitione
449 2249 525 2298 circa
542 2249 684 2298 columnas
699 2253 911 2313 componuntur.

111 2313 274 2380 'l'etrastyla
283 2323 358 2375 sunt,
376 2329 446 2380 quae
457 2315 592 2366 subiectis
604 2315 654 2366 sub
664 2315 789 2366 trabibus
799 2314 912 2382 angiria-

111 2381 187 2432 ribus
202 2379 339 2431 columnis
355 2387 384 2431 ct
398 2381 547 2434 utilitatem
563 2382 687 2433 trabibus
707 2388 736 2432 ct
754 2382 913 2433 firmitatem

110 2453 267 2516 praestant,
284 2448 357 2515 quod
373 2463 462 2516 neque
477 2450 556 2516 ipsae
573 2463 701 2517 magnum
719 2450 853 2516 impetum
866 2463 910 2499 co·

109 2523 213 2633 fiuntur
223 2514 335 2578 habere,
346 2531 436 2583 neque
447 2516 482 2567 ab
490 2516 689 2582 interpensivis
699 2522 859 2567 onerantur.
887 2517 912 2566 2.

137 2583 287 2650 ispluviata
308 2590 400 2634 autem
416 2589 494 2646 sunt,
517 2585 546 2633 in
567 2583 664 2651 quibus
683 2582 801 2633 deliciae
820 2596 915 2633 arcam

110 2651 280 2702 sustinentes
295 2650 440 2701 stillicidia
454 2651 594 2702 reiiciunt.
628 2650 709 2701 liaeo
725 2649 914 2701 hibernaculis

109 2718 244 2771 maximas
259 2723 403 2784 praestant
417 2718 568 2777 utilitates,
588 2717 663 2784 quod
682 2717 841 2784 compluria
853 2731 914 2767 ere·
