2054 3090
325 184 458 239 *LIBER
476 189 527 242 vl.
555 191 639 242 CAP.
661 192 697 243 ll.
869 191 915 254 123Ι

417 325 550 377 CAPUT
577 325 614 377 ll.

109 404 156 456 De
186 406 425 475 aedificiorum
448 408 663 488 priuatorum
686 411 913 478 proportioni-

189 473 242 524 bus
266 482 296 524 et
313 491 470 594 rnensurlts
488 477 662 529 secundam
680 485 834 528 acturam

449 559 587 596 cccrum.

160 624 245 676 Nulla
261 625 414 678 architecto
428 629 518 679 maior
533 644 601 680 cura
614 644 676 681 esse
687 629 787 692 debet,
806 629 860 680 nisi
872 631 913 679 uti

108 693 339 759 proportionibus
354 702 431 745 ratae
446 696 533 761 partis
549 695 669 748 habeant
685 697 814 748 aedificia
827 699 912 746 ratio-

107 776 174 810 num
189 761 359 812 exactiones.
396 763 463 812 Cum
482 778 550 830 crgo
571 765 723 815 constituta
741 765 912 831 symmetria·

108 843 170 877 rum
189 828 262 878 ratio
283 828 382 890 fuerit,
409 836 437 879 et
455 844 630 884 commensus
650 832 911 882 ratiocinationibus

109 895 251 960 explicati,
262 902 327 947 tunc
338 897 421 946 etiam
432 898 566 948 acuminis
577 904 621 949 est
629 899 770 964 proprium
784 899 914 964 provide-

110 977 141 1012 re
157 962 192 1012 ad
202 968 328 1014 naturam
342 963 399 1014 loci
409 971 457 1015 aut
471 981 551 1016 usum
561 972 609 1017 aut
624 967 747 1032 speciem
762 966 908 1016 detractio·
941 987 942 990 ¹

109 1029 191 1079 nibus
210 1031 256 1080 rel
274 1030 477 1082 adiectionibus
494 1039 696 1099 temperaturas
716 1033 840 1092 efficere,
861 1033 910 1093 uti,

110 1112 172 1148 cum
193 1097 227 1146 de
247 1099 408 1164 symmetria
426 1099 464 1149 sit
482 1100 636 1150 detractum
649 1106 697 1149 ant
713 1099 866 1161 adiectum,
882 1098 912 1146 id

110 1164 238 1214 videatur
255 1172 332 1216 recte
353 1180 415 1216 esse
432 1165 594 1228 formatum,
613 1167 642 1216 in
658 1174 827 1245 aspectuque
842 1163 911 1215 nihil

111 1231 296 1282 desideretur.
333 1234 358 1283 2.
376 1232 438 1283 Alia
454 1234 527 1283 enim
540 1234 576 1282 ad
588 1248 698 1283 manum
718 1248 826 1299 specres
847 1247 909 1282 esse

110 1299 234 1360 videtur,
258 1299 314 1349 alia
333 1301 362 1349 in
381 1299 508 1363 excels03
528 1315 583 1350 non
603 1300 700 1350 eadem
719 1301 748 1351 in
767 1300 910 1363 concluso,

111 1365 257 1416 dissimilis
281 1368 310 1416 in
333 1373 443 1432 apertos
466 1368 496 1417 in
514 1367 615 1434 quibus
633 1383 677 1417 ma
698 1368 726 1418 ni
743 1368 842 1419 iudicii
867 1375 911 1418 est

111 1448 209 1498 opera,
244 1434 291 1484 uid
300 1434 412 1485 tandem
422 1433 578 1486 iaciendum
589 1435 634 1486 sit.
696 1451 731 1486 on
742 1436 815 1486 enim
831 1450 912 1486 veros

109 1501 220 1551 videtur
258 1501 341 1552 abere
360 1503 436 1555 risus
455 1501 586 1564 effectus,
607 1503 657 1554 sed
676 1503 784 1554 fallitur
801 1503 912 1568 saepius

110 1568 216 1619 iudicio
235 1568 268 1618 ab
284 1583 318 1620 eo
332 1585 419 1622 mens.
455 1570 692 1632 Quemadmodum
708 1573 792 1622 etiam
805 1572 835 1622 in
853 1584 914 1620 sce-

112 1636 155 1685 nis
172 1636 254 1700 pictis
266 1636 395 1687 ridentur
409 1639 598 1688 columnarum
613 1639 804 1705 proiecturae,
823 1644 912 1688 mutu-

111 1703 202 1752 lorum
214 1701 362 1768 ecphnrae,
372 1705 515 1771 signorum
525 1706 544 1755 li
598 1721 631 1756 ae
641 1707 839 1772 prominentes,
851 1720 911 1755 cum

111 1769 253 1819 sittabula
262 1770 322 1819 sinc
333 1770 418 1821 dubio
429 1772 463 1821 ad
474 1720 697 1839 reguffiplana.
734 1771 869 1823 Similiter
883 1772 909 1819 in

112 1836 228 1885 navibus
239 1837 321 1897 remi,
338 1851 399 1887 cum
409 1838 465 1889 sint
474 1839 524 1889 sub
536 1854 607 1906 aqua
617 1839 729 1900 directi,
744 1846 836 1890 tamen
848 1853 911 1887 ocu-

114 1903 148 1952 lis
164 1900 277 1951 infracti
289 1903 429 1967 videntur,
451 1911 480 1956 et
490 1913 624 2021 ‹puatcnus
635 1921 731 1956 eorum
746 1912 839 1972 partes
854 1914 912 1955 tan-

113 1977 183 2038 gunt
197 1984 329 2020 summam
339 1969 483 2036 planitiem
508 1973 630 2040 iquoris‚
647 1980 781 2040 apparent
793 1973 835 2023 uti
850 1981 914 2022 sunt

114 2037 229 2100 directi3
241 2053 302 2087 cum
312 2052 379 2088 vero
390 2039 441 2089 sub
452 2054 524 2106 aqua
534 2046 598 2107 sunt
608 2040 730 2102 demissi,
740 2055 789 2106 per
798 2046 912 2090 naturae

113 2105 285 2170 perlucidam
304 2105 447 2157 raritatem
465 2107 611 2158 remittunt
629 2113 772 2158 enatantes
794 2107 827 2158 ab
855 2107 912 2156 suis

114 2171 279 2239 corporibus
302 2171 421 2224 fluentas
444 2173 579 2240 imagines
606 2174 641 2225 ad
664 2190 796 2226 summam
825 2188 912 2240 aquae

113 2241 270 2306 planitiem,
288 2246 370 2306 atque
380 2239 432 2291 hae
442 2241 482 2291 ibi
490 2247 645 2292 commotae
661 2244 770 2293 efficere
785 2243 914 2293 videntur

112 2306 262 2358 infractum
272 2323 411 2359 remorum
421 2308 510 2359 oculis
520 2316 670 2375 aspectum.
706 2310 729 2360 3.
748 2310 812 2361 Hoc
823 2317 913 2359 autern

114 2376 173 2426 sive
189 2376 401 2426 simulacrorum
414 2377 534 2442 impulsu
548 2391 599 2427 seu
612 2377 754 2428 radiorum
771 2393 805 2428 ex
824 2375 914 2427 oculis

115 2441 299 2494 effusionibus
315 2444 368 2504 (uti
380 2442 506 2511 physicis
521 2443 625 2510 placet)
641 2445 780 2507 videmus,
795 2449 913 2508 utraque

113 2511 224 2563 ratione
238 2510 349 2561 videtur
363 2512 404 2562 ita
414 2526 490 2572 esse,
507 2512 548 2561 uti
562 2509 634 2560 falsa
649 2511 754 2561 iudicia
769 2510 913 2562 oculorum

114 2576 217 2628 babeat
227 2584 365 2644 aspectus.
400 2579 425 2630 4.
446 2580 513 2628 Cum
526 2592 593 2645 ergo
605 2592 676 2644 quae
692 2586 757 2629 sunt
766 2593 832 2629 vera
842 2575 914 2626 falsa

115 2645 273 2708 rideantur,
290 2651 319 2696 ct
332 2647 465 2697 nonnulla
480 2647 562 2697 aliter
572 2661 653 2712 quam
668 2652 733 2696 sunt
748 2645 837 2696 oculis
847 2659 914 2762 pro-

114 2711 228 2776 bentur,
244 2719 376 2781 nonputo
388 2721 519 2782 oportere
535 2727 597 2765 csse
613 2713 739 2778 dubium,
753 2715 845 2782 quina
874 2710 914 2761 lo·
