2054 3090
318 237 443 291 LIBER
459 239 510 292 Vl.
537 240 621 291 cur.
639 240 706 294 Vll.
868 239 916 292 133

110 339 236 391 ostiariis
251 341 350 403 cellas,
370 344 519 409 statimque
534 342 635 393 ianuae
648 343 799 394 interiores
818 344 915 394 liniun-

108 416 163 458 tur.
199 408 255 458 Hic
270 416 361 460 autem
376 410 455 461 locus
468 410 543 461 inter
557 411 625 461 duas
641 411 738 462 ianuas
749 425 851 478 graece
864 415 914 459 θυ-

108 481 217 539 ρωρεῖον
234 477 398 542 appellatur.
434 477 543 528 Deinde
560 483 604 528 est
612 479 744 529 introitus
754 479 782 528 in
794 478 913 545 peristy-

108 542 181 592 lion:
200 543 230 592 id
245 544 412 610 peristylion
428 546 456 594 in
472 546 559 595 tribus
575 546 700 610 partibus
723 544 807 596 habet
827 547 913 611 porti-

108 625 171 672 cus3
190 610 220 660 in
240 626 273 660 ea
290 618 383 676 parte,
404 627 475 677 quae
491 619 600 679 spectat
614 613 649 663 ad
662 614 823 675 meridiem,
843 613 912 663 duas

108 683 189 727 antas
204 677 278 727 inter
288 693 319 728 se
334 680 425 745 spatio
437 679 528 745 amplo
545 680 693 743 distantes,
708 681 736 730 in
747 681 846 746 qulbus
857 687 913 730 tra·

107 744 158 794 bes
172 744 353 806 invehuntur,
379 753 407 796 et
421 753 552 812 quantum
566 748 641 797 inter
654 754 733 799 antas
750 748 849 809 distat,
877 761 911 797 ex

109 826 144 860 eo
161 813 246 862 tertia
262 813 373 878 dempta
388 815 506 878 spatium
523 814 604 864 datur
616 815 763 866 introrsus.
799 815 854 864 Hic
872 815 912 864 lo-

111 895 159 928 cus
177 880 249 944 apud
265 880 414 932 nonnullos
430 877 628 946 npoorcic,apud
639 882 711 933 alios
721 879 854 948 παραστὰς
864 896 912 931 no·

108 947 237 996 minatur.
274 950 298 997 2.
317 947 347 997 ln
375 946 418 998 his
443 948 515 999 locis
539 949 678 1000 introrsus
706 950 913 999 constituuntur

110 1015 171 1063 oeci
187 1015 296 1080 magni.
315 1017 343 1064 in
360 1016 459 1081 quibus
471 1023 574 1066 matres
589 1015 757 1066 familiarum
769 1032 830 1066 cum
845 1016 912 1064 lani·

110 1081 170 1131 ficis
186 1080 289 1132 habent
302 1083 465 1133 sessionem.
502 1083 533 1132 ln
546 1083 684 1149 prostadii
703 1090 794 1133 autem
815 1083 913 1133 dextra

109 1164 143 1198 ac
158 1149 272 1199 sinistra
296 1151 424 1200 cubicula
443 1157 508 1200 sunt
527 1151 681 1212 collocata,
706 1165 822 1216 quorum
842 1167 912 1199 unus
996 1177 998 1183 ,

109 1214 260 1276 thalamus,
276 1217 393 1267 alterum
409 1215 640 1283 amphithalamos
656 1218 766 1268 dicitur.
803 1218 912 1267 Circum

109 1290 202 1334 autem
222 1284 252 1333 in
269 1285 427 1350 porticibus
443 1285 566 1335 triclinia
585 1285 760 1352 quotidiana,
785 1284 913 1335 cubicula

110 1352 194 1400 etiem
214 1357 242 1400 et
261 1352 350 1402 cellae
370 1351 556 1403 familiaricae
581 1353 796 1403 constituuntur.
833 1352 913 1402 Haec

108 1432 173 1483 pars
202 1418 324 1470 aedilicii
348 1419 552 1487 Gynaeconitis
580 1420 744 1486 appelletur.
785 1420 809 1470 3.
842 1421 912 1470 Con-

107 1487 262 1553 iunguntur
275 1495 366 1538 antem
379 1486 422 1538 his
436 1489 535 1538 domus
550 1489 700 1554 anrpliores
719 1486 853 1538 habentes
874 1488 912 1536 la-

108 1555 182 1603 tiora
196 1555 356 1622 peristylia,
370 1556 399 1606 in
409 1557 509 1623 quibus
519 1571 601 1622 pares
616 1563 680 1607 sunt
692 1563 812 1622 quatuor·
826 1556 911 1621 porti-

109 1637 158 1671 cus
174 1622 380 1685 altitudinibus,
400 1630 528 1684 antona,
549 1639 619 1689 quae
634 1624 669 1674 ad
688 1624 832 1674 meridiem
852 1637 912 1688 spe-

107 1695 176 1749 ctat,
193 1690 395 1740 excelsioribus
409 1692 545 1741 columnis
556 1691 743 1741 constituitur.
780 1690 810 1740 ld
821 1696 912 1740 eutem

107 1757 297 1822 peristylium‚
318 1757 393 1822 quod
410 1774 492 1808 unam
512 1758 641 1808 altiorem
660 1756 745 1807 habet
764 1758 912 1822 porticum,

108 1821 280 1873 Rhodiacum
303 1824 467 1889 appellatur.
501 1824 615 1874 Habent
633 1830 724 1874 autem
744 1839 794 1874 eae
815 1824 912 1873 domus

108 1890 248 1940 vestibula
262 1891 378 1957 egregia
392 1897 421 1941 et
432 1892 530 1943 ianuas
545 1892 673 1957 proprias
694 1906 755 1941 cum
776 1891 912 1956 dignitate

108 1958 289 2024 porticusque
304 1957 514 2024 peristyliorum
530 1958 644 2008 albariis
660 1965 688 2008 et
700 1959 828 2009 tectoriis
839 1963 911 2008 etex

107 2025 242 2076 intestino
260 2039 345 2090 opere
360 2025 509 2076 lacunariis
525 2031 651 2087 ornatas,
665 2026 731 2075 etin
747 2025 912 2091 porticibus,

109 2108 180 2160 quae
197 2093 231 2142 ad
246 2093 466 2159 septentrionem
480 2098 620 2160 spectant,
635 2093 758 2143 triclinia
771 2092 913 2158 Cyzicena

109 2169 137 2212 ot
152 2158 364 2226 pinacothecam
385 2161 420 2210 ad
443 2161 580 2211 orientem
599 2166 690 2210 autem
709 2159 911 2221 bibliothecas;

109 2229 227 2280 exedras
243 2228 277 2278 ad
289 2228 476 2291 occidentem3
497 2228 532 2278 ad
547 2228 691 2278 meridiem
705 2243 771 2279 vero
786 2234 911 2295 spectan-
975 2232 979 2243 ⁸

108 2304 152 2347 tes
168 2311 253 2346 oecos
268 2296 420 2362 quadratos
430 2302 488 2346 tam
500 2296 591 2362 ampla
600 2296 805 2362 magnitudine,
821 2297 860 2346 uti
872 2295 911 2344 fa-

109 2365 202 2415 ciliter
211 2365 239 2413 in
252 2366 292 2413 eis
303 2364 434 2414 tricliniis
441 2369 562 2431 quatuor
572 2365 667 2414 stratis
677 2364 911 2415 ministrationum

107 2433 291 2498 ludorumque
307 2432 399 2498 operis
417 2432 495 2482 locus
514 2431 605 2497 possit
623 2445 686 2481 esse
701 2432 851 2497 spatiosus.
886 2431 910 2480 4.

110 2501 138 2550 ln
152 2498 195 2549 his
210 2500 286 2550 oecis
302 2501 370 2551 liunt
385 2500 476 2551 virilia
490 2499 631 2562 convivia3
651 2513 708 2549 non
728 2499 801 2549 eninr
820 2497 912 2547 fuerat

107 2568 262 2617 institutum
273 2574 375 2618 matres
386 2566 553 2618 familiarum
564 2581 660 2617 eorum
670 2565 794 2616 moribus
805 2580 917 2626 aucum,

108 2636 183 2686 bere.
219 2635 299 2685 Haec
319 2643 410 2686 autem
430 2634 578 2701 peristylia
602 2634 700 2683 domus
720 2633 911 2684 andronitides

108 2703 247 2764 dicuntur,
274 2704 347 2769 quod
365 2705 393 2753 in
414 2701 457 2753 his
479 2703 531 2753 viri
553 2703 613 2753 sine
636 2701 911 2768 interpellationibus

108 2769 251 2819 mulierum
271 2778 425 2821 versantur.
462 2769 613 2821 Praeterea
634 2769 736 2821 dextra
752 2784 786 2820 'uc
799 2769 922 2820 sinistra
