2054 3090
146 108 193 160 156
343 109 397 167 DE
424 112 753 168 ARCHITECTURA

365 299 366 302 ,
428 248 567 304 CAPUT
592 248 661 302 vil.

351 331 539 387 Donatistis
557 333 735 388 coloribus.

193 419 315 470 Primum
329 423 422 470 autem
434 431 605 485 exponemus
615 433 685 486 quae
696 433 746 485 per
754 433 786 470 se
801 418 949 473 nascentis

143 486 301 549 fodiuntur,
316 487 357 538 uti
367 485 416 548 sil,
435 486 510 553 quod
520 501 621 554 graece
632 480 702 552 ὥχρα
719 485 829 537 dicitur.
865 485 947 539 Haeo

143 568 210 604 vero
225 554 320 605 multis
335 553 422 616 iouis,
439 553 564 605 utetiam
575 552 708 614 initalia,
724 553 877 613 invenitur,
894 553 947 604 sed

144 635 214 688 quae
229 620 323 671 fuerat
337 620 442 687 optima
455 621 561 683 Attica,
581 620 646 671 ideo
661 635 734 670 nune
747 634 802 669 non
816 618 947 683 habetur,

144 687 218 754 quod
233 686 349 739 Athenis
364 687 475 755 argenti
488 686 602 738 fodinae
619 702 680 738 cum
699 685 848 737 habuerint
866 685 947 736 fami-

143 755 211 817 lias,
225 761 292 806 tuno
301 769 401 821 specus
412 754 547 806 subterra
556 753 735 805 fodiebantur
750 753 785 804 ad
799 759 946 822 argentum

144 821 352 883 inveniendum,
365 837 427 873 oum
435 820 476 872 ibi
485 835 556 872 vana
565 821 639 872 forte
649 821 832 883 inveniretur,
843 818 945 876 nihilo·

143 889 240 971 minus
246 890 288 940 uti
303 894 448 969 argentum
461 888 711 970 persequebantum
729 888 824 956 itaque
838 887 945 958 antiqui

144 956 435 1075 {diffidasti
447 955 946 1086 iistihihdiiiddtzi

146 1092 266 1158 optimae
276 1091 386 1157 paucis,
396 1097 428 1142 ut
437 1038 528 1143 f'onto
537 1089 656 1157 Sinope,
667 1096 696 1141 et
704 1090 842 1157 Aegypto,
856 1091 886 1141 in
894 1090 946 1141 Hi-

145 1159 243 1225 spania
255 1157 434 1222 Balearibus,
454 1172 510 1209 non
522 1159 612 1209 minus
626 1158 710 1208 etiam
725 1158 846 1220 Lemno,
866 1158 946 1209 ouius

145 1226 252 1290 insulae
270 1225 423 1293 vectigalia
439 1223 654 1278 Atheniensibus
674 1224 793 1278 Senatus
813 1224 946 1292 populus

93 1365 97 1372 ἢ
145 1307 198 1360 que
222 1307 354 1372 romanus
379 1292 522 1373 concessit
543 1291 669 1345 fruenda.
704 1292 728 1343 3.
748 1292 947 1344 Paraetonium

144 1357 946 1494 itiiiadiit'dihhiiiiid‘bithinia·

145 1491 256 1612 οἴοίαάἰ
273 1491 350 1544 Melo
375 1492 478 1545 dieitur
500 1509 572 1548 esse.
606 1495 632 1547 4.
651 1494 736 1546 Creta
758 1494 856 1545 viridis
876 1495 946 1545 item

143 1560 268 1628 paribus
284 1559 355 1613 loeis
371 1559 508 1625 nascitur,
521 1562 573 1614 sed
588 1562 693 1633 optima
707 1557 859 1629 Smymaee'
874 1560 946 1612 hane

144 1634 236 1680 autem
248 1627 349 1680 Graeci
360 1624 501 1678 θεοδότων
511 1635 625 1693 vocant,
637 1630 711 1698 quod
722 1627 887 1681 Theodotus
898 1645 946 1679 no-

144 1697 217 1747 mina
226 1695 331 1759 iuerat,
347 1696 426 1749 euius
436 1696 465 1747 in
477 1695 563 1749 fundo
574 1697 604 1748 id
619 1712 707 1767 genus
719 1703 821 1748 cretae<
846 1697 945 1747 rimum
964 1698 968 1705 '

145 1769 189 1816 est
212 1764 363 1816 inventum.
398 1763 423 1815 5.
441 1764 506 1816 huri
527 1764 692 1836 igmantum‚
719 1763 794 1832 quod
814 1765 946 1830 apotomae

144 1846 245 1899 graece
258 1831 374 1895 dicitur,
386 1829 494 1884 foditur
503 1779 604 1884 Ronto.
640 1831 799 1886 sandaraca
807 1831 876 1882 item
885 1831 945 1901 plu-

144 1899 219 1951 ribus
230 1899 312 1962 locis,
324 1900 374 1950 sed
385 1900 490 1966 optima
499 1898 590 1952 Ponto
600 1899 727 1967 proxime
737 1898 839 1951 flumen
848 1898 945 1966 Hypa-

143 1967 199 2017 nim
207 1964 291 2018 habet
300 1967 452 2018 metallum.
487 1967 556 2019 Aliis
566 1965 648 2031 loeis,
658 1966 945 2035 utinterMagnesiao

144 2039 172 2084 et
190 2031 294 2101 Ephesi
309 2033 392 2096 fines,
412 2040 477 2086 sunt
495 2034 572 2099 loca,
590 2033 664 2087 unde
684 2032 817 2085 effoditur
835 2039 945 2103 parata,

142 2115 224 2167 quam
234 2115 285 2152 neo
299 2101 405 2154 molere
421 2116 473 2153 nec
488 2116 602 2154 comere
616 2117 686 2168 opus
700 2108 757 2163 est,
779 2099 829 2152 sed
844 2101 888 2157 sie
902 2107 946 2151 est

143 2166 269 2284 sagmis,
283 2167 514 2235 quemadmodum
528 2169 554 2221 si
570 2184 625 2237 qua
639 2174 683 2221 ast
696 2182 778 2222 manu
788 2174 906 2223 comae
916 2174 946 2218 et

142 2250 176 2286 su
195 2241 280 2286 creta.

422 2337 556 2390 csPUT
582 2336 668 2390 vill.

310 2417 357 2473 De
374 2421 473 2472 minio
490 2421 522 2473 'et
538 2429 676 2490 argento
694 2421 775 2474 viso.

193 2503 339 2574 Ingrediar
352 2520 424 2564 nunc
437 2505 517 2554 minii
529 2506 654 2558 rationes
669 2507 819 2576 explicare.
854 2505 886 2557 ld
898 2521 945 2557 au-

143 2580 199 2622 tem
214 2573 288 2640 agris
297 2570 481 2638 Ephesiorum
493 2571 628 2625 Cilbianis
643 2576 758 2641 primum
774 2581 945 2640 memoratur

143 2653 206 2690 esse
216 2640 371 2701 inventum,
388 2640 466 2689 euius
477 2646 505 2690 et
515 2654 560 2690 res
571 2647 599 2691 et
609 2644 680 2692 ratio
692 2643 760 2693 satis
771 2655 886 2708 magnas
896 2638 942 2690 ha·
