2054 3090
110 205 143 254 u
309 205 363 256 on
391 191 710 258 anomoeorum

111 307 152 355 vis
166 320 254 372 aquae
269 321 319 373 per
334 306 443 372 tegulas
458 307 486 357 in
502 309 639 370 canalem,
654 323 689 359 ne
703 308 852 359 deiiciatur
865 319 915 372 per

110 372 342 434 intercolumnia,
365 388 455 439 neque
479 380 655 426 transeuntes
678 374 841 442 perfundat,
866 371 916 424 sad

110 447 259 504 quaesunt
278 445 376 490 contra
393 440 535 491 columnas
554 443 700 493 videantur
719 442 847 492 emittere
867 454 914 491 vo·

110 507 213 563 mentia
222 513 317 557 ructus
328 521 458 572 aquarum
470 522 505 559 ex
513 522 571 559 ore.

160 573 274 622 Aedium
291 574 445 625 lonicorum
465 589 545 640 quam
560 576 704 641 aptissimo
722 575 801 640 potui
820 575 913 640 dispo·

109 640 227 689 sitiones
243 637 297 689 boc
310 640 457 697 volumine,
469 641 616 707 descripsi,
640 641 807 693 Doricarum
821 647 913 693 autem

109 711 138 754 et
153 704 359 756 Corinthiarum
374 723 444 774 quae
459 709 516 759 sint
530 711 728 775 proportiones
742 708 914 776 insequenti

109 771 181 821 libro
192 773 348 838 explicabo.

180 959 733 993 ...m-*m

247 1127 435 1201 LIBER
468 1125 773 1216 QUARTUS.

428 1292 592 1305 ...ψ-.-

330 1366 697 1431 PRAEFATIO.

109 1485 190 1571 Cum
205 1519 477 1583 animadvertissem,
491 1519 659 1586 Imperator,
673 1520 767 1586 plures
782 1519 816 1571 de
825 1518 913 1575 archi·

109 1593 219 1637 tectura
227 1593 377 1652 praecepta
386 1587 580 1654 voluminaque
590 1588 852 1642 commentariorum
858 1601 913 1638 non

111 1654 239 1704 ordinata
249 1653 299 1703 sed
308 1654 431 1719 incepta,
442 1655 482 1704 uti
493 1654 645 1720 particulas
656 1654 839 1716 errabundas,
848 1654 913 1705 reli.

110 1721 218 1787 quisse,
234 1720 345 1788 dignam
357 1728 385 1771 et
395 1721 571 1779 utilissimam
580 1736 639 1773 rem
653 1722 761 1788 putavi,
776 1727 859 1777 antea
873 1722 912 1772 di·

110 1788 244 1854 sciplinae
259 1803 360 1854 corpus
375 1788 410 1838 ad
423 1788 576 1855 perlectam
595 1788 799 1839 ordinationem
813 1788 912 1854 perdu-

110 1870 187 1918 cere,
204 1863 233 1905 et
248 1856 434 1923 praescriptas
448 1857 476 1905 in
488 1855 606 1922 singulis
617 1855 803 1905 voluminibus
818 1856 912 1923 singu·

110 1924 198 1973 lorum
214 1937 345 1990 generum
364 1923 513 1990 qualitates
532 1922 681 1988 explicare.
716 1922 826 1988 ltaque,
845 1922 912 1973 Cac-

109 2005 164 2052 sar,
175 1991 264 2056 primo
277 1989 510 2041 voluminetibide
523 1990 614 2039 officio
625 1990 731 2050 eius,et
740 1989 839 2056 quibus
850 2004 911 2039 eru·

110 2055 196 2106 ditum
208 2072 270 2108 esse
281 2057 365 2108 rebus
376 2055 558 2108 architectum
569 2062 707 2123 oporteat,
719 2056 849 2122 exposui;
869 2073 911 2106 sr-

110 2124 199 2173 cundo
215 2125 249 2174 de
263 2125 351 2190 copiis
367 2125 515 2186 materiae,
531 2138 545 2173 e
560 2122 659 2189 quibus
670 2122 799 2173 aedilicia
809 2124 912 2172 consti-

109 2196 231 2253 tuuntur,
243 2191 394 2256 disputavi;
406 2192 489 2242 tertio
502 2197 593 2241 autem
605 2189 638 2240 de
649 2190 758 2240 aedium
770 2203 910 2239 sacrarum

109 2255 339 2322 dispositionibus
351 2259 421 2308 etde
433 2272 527 2308 earum
537 2271 670 2324 generum
679 2257 824 2319 varietate,
831 2271 911 2323 quas-

109 2338 162 2389 que
177 2330 206 2374 et
219 2331 287 2390 quot
299 2323 420 2376 habeant
434 2325 557 2391 species,
574 2338 723 2390 earumque
735 2338 805 2390 quae
816 2323 910 2373 sintin

109 2391 227 2458 singulis
243 2391 391 2459 generibus
407 2391 627 2443 distributiones.
662 2393 687 2442 2.
706 2391 748 2441 Ex
762 2390 851 2441 tribus
865 2404 911 2457 ge-

109 2459 221 2510 neribus
237 2473 306 2525 quae
319 2458 516 2510 subtilissimas
536 2457 670 2509 baberent
683 2457 912 2524 proportionibus

108 2525 283 2577 modulorum
298 2528 467 2593 quantitates
483 2526 571 2575 lonici
590 2526 702 2592 generis
723 2524 848 2574 moribus
864 2523 912 2573 do·

109 2593 165 2643 oui:
187 2610 259 2644 nunc
269 2592 322 2644 hoc
332 2594 472 2644 volumine
483 2593 517 2641 dc
528 2591 640 2642 Doricis
652 2589 805 2643 Corinthiis
826 2605 860 2643 ue
872 2591 911 2639 in·
925 2616 929 2621 .

108 2661 214 2711 stitutis
230 2671 258 2711 et
272 2661 396 2712 moribus
409 2660 512 2722 dicam,
533 2673 684 2725 eorumque
704 2605 866 2708 discrinAna
884 2663 913 2707 et

29 2722 34 2730 '
125 2728 292 2790 roprietates
304 2727 459 2792 explicabo.
