2054 3090
148 205 181 257 66
347 206 402 259 DE
423 206 755 260 ARCHITECTURA

97 345 101 353 .
148 316 252 360 terram
269 309 393 376 parietes
414 314 593 361 exstruantur
611 308 661 360 sub
681 308 817 360 columnis
837 305 953 358 dimidio

150 377 304 427 crassiores
315 391 397 443 quam
407 376 552 426 columnae
563 382 628 427 sunt
638 376 762 439 futurae,
779 376 821 425 uti
831 375 955 426 firmiora

150 445 206 494 sint
216 442 353 494 inferiora
362 443 569 509 superioribus;
590 458 660 510 quae
671 443 848 494 stereobatae
863 441 955 508 appel-

151 512 255 570 lantur,
277 526 341 561 nam
361 511 504 576 excipiunt
519 525 612 560 onera.
650 510 846 577 Spirarumque
864 509 955 575 proie-

151 585 247 629 cturae
257 592 313 627 non
322 577 478 642 procedant
485 582 564 627 extra
574 576 702 628 solidum.
738 578 807 627 Item
818 591 901 642 supra
910 591 954 641 pa·

152 645 230 695 rietis
250 644 285 694 ad
306 644 424 694 eundem
442 645 554 695 modum
570 645 726 694 crassitudo
748 644 885 694 servanda
899 649 954 693 est:

152 711 299 762 intervalla
314 717 407 761 autem
422 711 644 762 concamaranda
657 716 705 762 aut
718 711 866 761 solidanda
880 711 955 759 fistu-

152 779 322 839 cationibus,
339 779 381 829 uti
396 778 588 829 distineantur.
625 780 649 828 2,
670 778 718 830 Sin
729 785 821 829 autern
836 777 955 828 solidum

153 862 208 895 non
222 846 392 907 invenietur,
411 844 462 895 sed
476 846 555 896 locus
568 845 622 895 erit
632 847 816 912 congestitius
828 845 863 894 ad
873 845 956 893 imum

153 920 201 963 out
214 912 352 978 paluster,
368 917 434 962 tunc
448 913 473 962 is
485 913 564 964 locus
579 911 704 962 fodiatur
718 913 956 977 exinaniaturque,

153 987 181 1030 et
189 979 259 1046 palis
271 979 408 1046 saligneis
419 985 467 1029 aut
477 979 633 1046 oleagineis
645 985 693 1030 aut
702 979 843 1030 robusteis
853 977 956 1028 ustula-

153 1049 189 1098 tis
200 1047 368 1114 configatur,
385 1046 564 1113 sublicaeque
571 1044 707 1097 machinis
718 1046 866 1112 adigantur
876 1060 957 1110 quam

154 1113 335 1176 creberrime,
348 1112 569 1180 carbonibusque
581 1114 744 1177 expleantur
754 1113 902 1164 intervalla
911 1127 956 1178 pa-

153 1182 259 1243 lorum,
283 1187 312 1231 et
330 1188 397 1231 tunc
416 1181 564 1232 structuris
583 1181 763 1231 solidissimis
778 1179 958 1231 fundamenta

154 1248 330 1314 impleantur.
366 1248 524 1299 Exstructis
549 1254 641 1298 autem
659 1247 845 1298 fundamentis
866 1247 901 1297 ad
924 1245 957 1295 li-

153 1315 339 1376 bramentum,
351 1315 510 1381 stylobatae
523 1322 587 1366 sunt
597 1315 787 1366 collocandae.
825 1315 849 1365 3.
869 1313 959 1380 Supra

154 1381 311 1447 stylobatas
333 1381 478 1432 columnae
500 1382 706 1448 disponendae,
727 1381 958 1449 quemadmodum

153 1449 383 1514 suprascriptum
398 1453 454 1510 est,
469 1449 528 1500 sive
542 1449 572 1499 in
582 1450 708 1516 Pycnost
728 1450 766 1512 lo,
783 1449 958 1516 quemadmo-

154 1517 218 1566 dum
233 1514 419 1581 Pycnostyla,
436 1516 495 1565 sive
512 1515 628 1584 Systylo
644 1522 692 1567 aut
728 1517 832 1583 iastylo
847 1522 895 1566 aut
905 1515 958 1565 Eu-

154 1582 243 1648 stylo,
260 1582 490 1648 quemadmodum
501 1598 584 1648 supra
594 1585 698 1650 scripta
708 1590 809 1635 suntet
824 1584 958 1633 constitu-

154 1656 191 1700 ta.
221 1649 251 1698 ln
260 1650 436 1715 Araeostylis
446 1651 518 1701 enim
526 1651 642 1702 libertas
653 1657 704 1713 est,
717 1660 847 1718 quantum
858 1652 957 1717 cuique
968 1709 969 1712 Ἴ

155 1716 223 1765 libet
238 1717 441 1779 constituendi3
467 1718 517 1768 scd
536 1718 577 1767 ita
598 1718 743 1769 columnae
759 1719 788 1768 in
804 1717 957 1782 Peripteris

155 1782 343 1845 collocentur,
364 1785 405 1834 uti
423 1791 491 1851 quot
504 1785 719 1836 intercolumnia
734 1790 799 1835 sunt
812 1785 841 1834 in
853 1783 956 1845 fronte,

153 1851 270 1901 totidem
281 1852 324 1901 bis
334 1851 550 1902 intercolumnia
560 1853 627 1902 liant
636 1853 665 1902 in
675 1853 823 1903 lateribus:
833 1853 874 1902 ita
884 1852 957 1901 enim

154 1919 208 1969 erit
223 1918 326 1983 duplex
340 1919 486 1985 longitudo
499 1920 592 1984 operis
606 1920 641 1969 ad
654 1919 839 1970 latitudinem.
876 1918 957 1968 Nam-

154 2000 206 2052 que
218 1986 265 2051 qui
275 1986 464 2036 columnarum
474 1986 678 2052 duplicationes
689 1986 829 2047 iecerunt,
841 1986 958 2035 erravis-

154 2069 183 2102 se
195 2053 335 2114 videntur,
352 2053 425 2118 quod
441 2069 525 2104 unum
540 2054 782 2104 intercolumnium
797 2054 826 2102 in
836 2053 884 2102 lon
907 2053 957 2102 'tu-

80 2166 82 2171 .
154 2119 217 2170 dine
229 2121 289 2184 plus
301 2135 382 2185 quam
394 2127 524 2189 oporteat
533 2135 698 2186 procurrere
709 2121 827 2171 videtur.
851 2121 875 2168 4.
886 2068 956 2169 ἓω-

154 2185 204 2235 dus
221 2187 249 2234 in
264 2186 356 2242 fronte
373 2187 413 2237 ita
428 2188 615 2239 constituendi
632 2194 709 2250 sunt,
724 2188 767 2237 uti
777 2188 833 2237 sint
847 2201 958 2252 semper

154 2254 286 2317 impares:
316 2266 433 2319 namque
450 2270 511 2304 cum
527 2255 626 2306 dextro
641 2255 712 2319 pede
727 2255 831 2320 primus
853 2254 956 2320 gradus

154 2318 350 2379 adscendatur,
365 2320 434 2370 item
448 2321 477 2371 in
492 2337 598 2372 summo
614 2323 717 2388 primus
734 2322 787 2372 erit
801 2320 956 2387 ponendus.

154 2384 361 2437 Crassitudines
381 2392 474 2439 autem
493 2404 588 2439 eorum
643 2390 744 2440 eduum
761 2390 800 2439 ita
820 2387 956 2438 liniendas

154 2468 269 2514 censeo,
286 2458 316 2502 ut
330 2468 420 2520 neque
437 2457 591 2507 crassiores
621 2463 733 2507 extante
744 2470 833 2522 neque
848 2455 956 2506 tenuio-

154 2534 197 2570 res
209 2521 344 2571 dodrante
356 2523 588 2574 sintcollocatae:
604 2525 645 2574 sic
656 2525 729 2574 enim
740 2524 824 2574 durus
836 2537 891 2572 non
903 2523 958 2572 erit

153 2602 293 2638 ascensus.
330 2589 525 2641 Retractiones
543 2596 634 2640 autem
650 2591 784 2657 graduum
798 2605 850 2640 nec
865 2591 956 2640 minus

152 2669 232 2718 quam
247 2657 457 2723 sesquipedales
472 2673 524 2708 nec
533 2658 595 2723 plus
606 2673 687 2724 quam
697 2656 842 2724 bipedales
853 2656 957 2706 facien·

152 2721 203 2771 dae
226 2723 365 2775 videntur.
401 2725 470 2776 ltem
488 2726 513 2776 si
533 2726 607 2775 circa
626 2725 725 2776 aedem
745 2725 848 2792 gradm
868 2722 955 2774 futuri
