2054 3090
187 184 313 239 malta
329 187 382 239 IX.
409 183 650 240 Paternum.
768 182 818 236 lot

80 287 256 357 neyracusis
270 294 367 340 suenus
381 289 461 357 regia
473 294 626 357 potestate,
644 288 729 340 rebus
744 287 818 338 bene

80 357 106 408 is
117 371 179 408 enm
190 371 303 407 auream
314 371 446 408 eoronam
455 359 578 409 votivam
588 357 642 408 diis
655 353 818 407 immortuli-

80 425 107 476 in
117 425 239 493 quodam
252 423 318 474 iano
334 425 529 476 constituisset
541 423 711 491 ponendam,
723 437 817 472 manu-

80 494 110 543 io
120 492 226 544 locavit
235 491 435 553 iaciendum&
443 506 540 543 aurum
550 493 585 544 ad
595 506 708 543 sacoma
717 501 816 556 appen-

80 560 257 625 redemptori.
292 557 318 609 ls
337 558 373 608 ad
391 565 499 626 tempus
521 575 589 626 opus
609 574 691 610 manu
712 557 815 607 faenum

80 627 159 678 :iliter
172 630 233 694 regi
248 626 412 693 approbavit
426 633 455 678 et
468 627 503 677 ad
518 642 630 678 sacoma
643 625 751 693 pondus
771 639 815 674 oo-

80 710 104 746 re
118 696 193 746 visus
212 701 256 744 est
266 693 451 761 praestitisse.
484 697 528 746 io.
547 694 734 762 Posteaquam
746 691 816 742 indi-

80 768 145 813 nest
154 760 272 824 iactum,
287 760 399 880 dempto
414 774 482 813 auro
493 762 654 813 tantundem
669 760 778 828 argenti
787 759 816 808 in

80 830 233 880 oronerium
244 844 314 895 opus
325 844 341 879 a
360 829 476 880 mixtum
489 844 567 891 esse,
580 830 740 898 indignatus
750 827 816 877 Hie·

80 902 288 964 eoontemptum
300 911 371 958 esse,
383 910 473 965 neque
483 897 635 960 inveniens,
646 896 817 964 quaestione

80 969 160 1015 utum
170 961 397 1032 reprehenderet,
408 965 521 1032 rogavit
528 963 729 1025 Archimedem,
739 963 780 1012 uti
789 961 817 1011 in

80 1039 188 1082 umeret
201 1032 255 1082 sibi
269 1032 304 1082 de
318 1046 354 1083 eo
369 1033 578 1099 cogitationem.
613 1033 691 1082 Tunc
700 1031 741 1091 is,
756 1044 817 1079 cum

80 1106 136 1150 eret
149 1100 210 1149 eius
223 1099 266 1149 rei
280 1113 389 1162 numm,
404 1113 470 1149 nasu
484 1100 561 1150 venit
573 1099 602 1149 in
611 1098 753 1159 balneum,
767 1095 817 1146 ibi·

84 1180 146 1217 eum
156 1168 184 1217 in
195 1166 297 1217 solium
305 1165 503 1229 descenderet,
518 1165 723 1226 animedvertit,
735 1179 817 1231 quan-

88 1234 215 1299 oorporis
226 1234 270 1284 sui
279 1234 308 1284 in
319 1247 354 1284 eo
363 1233 512 1295 insideret,
525 1239 631 1284 tentem
642 1247 729 1300 aquae
741 1236 819 1282 extre

80 1317 121 1352 um
136 1298 257 1352 effluere.
287 1300 389 1368 itaque
407 1302 542 1352 cometus
560 1301 603 1352 rei
621 1301 758 1351 rationem
773 1313 818 1349 ex-

80 1370 179 1420 etionis
195 1367 374 1431 offendisset,
384 1383 440 1420 non
450 1374 640 1432 ostendentes,
651 1367 702 1419 sed
711 1366 820 1418 exilivit

80 1437 123 1487 dio
138 1443 230 1488 motus
240 1437 275 1489 de
286 1436 373 1499 solio,
389 1442 418 1488 et
426 1436 515 1488 nudus
524 1436 629 1488 redens
639 1437 750 1488 domum
758 1448 818 1484 ver·

84 1505 108 1555 si
146 1504 260 1555 identat
272 1505 350 1556 niara
361 1518 431 1556 voce
450 1505 591 1556 invenisse
611 1503 685 1572 quod
704 1516 818 1573 quaere·

134 1587 178 1623 arn
192 1585 306 1623 currem
319 1572 472 1624 identidem
483 1584 584 1640 greeae
598 1566 820 1637 olamabetndpo·

80 1635 820 1776 itamtita'itamttitttttittt

734 1742 741 1769 i

80 1788 106 1824 m
123 1773 218 1839 fueret
235 1788 353 1837 mouera,
372 1789 504 1827 unomen
517 1790 586 1826 auro
599 1775 717 1826 eiteram
730 1788 766 1825 ex
777 1787 815 1823 ar

79 1845 117 1891 to.
151 1841 272 1893 Gumita
284 1840 477 1906 fecissemus
551 1843 608 1894 lum
622 1840 820 1894 adsummia·

84 1908 210 1974 implevit
222 1917 306 1977 aqna3
325 1909 423 1978 inquo
443 1909 556 1961 demisit
572 1916 732 1978 argenteam
750 1922 821 1959 mes·

80 1993 94 2024 r:
114 1976 193 2026 ouius
207 1982 310 2045 quanta
321 1977 485 2046 magnitudo
498 1977 528 2028 in
542 1991 608 2029 vase
622 1978 755 2044 depressa
765 1979 821 2035 est,

80 2057 129 2095 um
143 2057 232 2111 aquae
245 2042 361 2095 effluxit
396 2044 440 2097 ite
451 2051 582 2112 exempta
594 2059 699 2106 messa,
719 2048 820 2112 quanto

80 2127 113 2162 us
121 2110 226 2162 ianuam
236 2110 587 2173 fueret‚reiudit·se1tario
596 2125 722 2174 mensus,
735 2116 768 2162 ut
775 2123 822 2160 eo-

80 2195 87 2229 r
105 2179 203 2241 inodo,
222 2193 277 2246 quo
296 2178 374 2245 prius
386 2177 492 2242 inerat,
509 2179 544 2230 ed
557 2178 636 2230 iatoa
645 2184 822 2246 aequaretur.

86 2261 119 2297 ex
135 2262 168 2297 eo
183 2247 298 2308 invenit,
318 2253 447 2313 quantum
462 2245 514 2314 [od
529 2245 765 2316 oerwnerondus
782 2258 824 2295 ar·

80 2315 102 2364 ti
116 2315 151 2366 ad
165 2320 269 2365 certam
283 2327 372 2381 aquae
384 2327 541 2366 mensuram
553 2314 745 2382 responderet.
781 2313 822 2362 12.

80 2400 91 2433 n
101 2383 130 2433 id
141 2387 272 2448 expertus
282 2387 368 2444 esset,
376 2387 435 2433 tum
444 2392 685 2435 aerumnosam
695 2379 825 2432 similiter

80 2465 107 2500 m
125 2465 192 2501 roso
207 2449 332 2511 demisit,
351 2455 427 2500 etna
440 2455 582 2516 exempta,
602 2448 699 2500 eedem
712 2449 821 2498 rstione

80 2532 153 2568 reum
163 2517 259 2569 addita
266 2517 374 2568 invenit
382 2531 418 2568 ex
426 2531 500 2584 aque
508 2530 564 2568 nen
572 2522 682 2571 ternum
691 2513 822 2567 defluxis-

80 2587 119 2636 ed
131 2585 253 2652 [memes
275 2585 380 2649 minus,
394 2584 598 2652 quanta-miens
608 2596 709 2651 nngno
724 2595 822 2650 eorpo-

80 2654 171 2704 eodem
189 2669 247 2720 pon
284 2667 313 2703 re
333 2653 393 2706 auri
414 2666 507 2704 inesse
521 2657 691 2720 essetquam
705 2649 821 2718 argenti.

80 2728 204 2772 ,mrtem
215 2722 322 2788 repleto
334 2735 399 2774 vete
409 2721 439 2772 in
445 2719 546 2773 eaden
559 2734 632 2789 eque
644 2720 706 2787 ipss
719 2732 823 2771 corona
