2054 3090
297 211 422 264 erER
443 213 478 263 ll.
508 213 591 266 CAP.
610 214 631 265 l.
833 215 866 267 29

63 329 136 376 eum,
154 313 231 381 quod
247 319 297 365 tua
311 328 396 381 opera
409 331 469 365 sum
484 331 592 366 usurus.
628 316 652 366 4.
671 317 714 367 Ex
731 332 765 368 eo
779 317 866 369 Dino-

63 387 153 432 crates
164 380 201 431 ab
210 393 279 449 rege
289 396 345 433 non
355 381 495 445 discessit,
506 388 535 433 et
543 383 572 433 in
582 385 738 450 Aegyptum
749 391 865 435 osteum

63 453 244 514 prosecutus:
260 448 304 499 lbi
311 449 468 500 Alexander
478 465 538 500 cum
550 451 794 502 animadvertisset
803 467 865 518 por-

63 524 118 567 tum
128 515 296 567 naturaliter
305 522 406 579 tutum,
421 519 574 584 emporium
585 519 741 585 egregium,
752 534 865 585 campos

63 585 138 634 eirca
146 589 237 635 totam
246 584 402 651 Aegyptum
411 584 623 647 frumentarios,
636 587 764 636 immanis
778 585 865 637 ilumi·

63 653 103 702 nis
113 649 173 702 Nili
184 665 299 718 magnas
310 651 460 714 utilitates,
474 653 556 703 iussit
567 668 629 703 eum
639 669 690 704 suo
702 655 813 704 nomine
828 655 865 704 ci·

64 719 176 770 vitatem
184 718 379 769 Alexandriam
390 720 569 771 constituere.
590 720 687 787 ltaque
696 721 865 773 Dinocrates

63 784 166 836 aiacie
181 785 374 853 dignitateque
389 788 516 852 corporis
530 789 738 840 commendatus
754 790 789 840 ad
804 805 865 840 eam

62 853 238 904 nobilitatem
247 854 382 920 pervenit.
413 853 484 904 Mihi
494 860 595 918 autem,
606 856 768 921 imperator,
779 863 864 908 statu-

62 935 119 971 ram
130 934 188 972 non
197 921 296 972 tribuit
305 927 416 984 natura,
426 919 528 973 faciem
540 921 708 974 deformavit
718 930 808 986 aetas,
820 939 864 974 ra-

62 987 159 1039 letudo
173 987 296 1039 detraxit
308 990 395 1053 vires3
413 989 508 1055 itaque
519 991 648 1056 quoniam
660 992 693 1041 ab
704 990 747 1041 his
761 992 864 1057 praesi-

62 1056 116 1106 diis
131 1070 193 1106 sum
207 1055 349 1118 desertus,
362 1071 413 1122 per
427 1057 533 1107 auxilia
546 1058 680 1108 scientiae
695 1059 863 1125 scriptaque,

62 1129 91 1174 ut
104 1137 203 1189 spero,
216 1124 375 1190 perveniam
390 1123 425 1173 ad
439 1123 715 1175 commendationem.
752 1124 776 1174 5.
796 1125 863 1175 Cum

62 1197 155 1242 autem
174 1190 202 1241 in
222 1191 311 1257 primo
331 1191 472 1241 volumine
492 1190 526 1240 de
547 1190 639 1240 oiilcio
659 1188 863 1241 architecturae

62 1258 359 1326 terminationibusque
370 1258 437 1309 artis
447 1257 738 1324 perscripserim,item
747 1258 781 1308 de
790 1273 863 1309 moe-

61 1326 142 1377 nibus
153 1331 183 1376 et
191 1326 266 1377 intra
275 1327 386 1377 moenia
397 1340 522 1376 arearum
534 1325 726 1388 divisionibus,
736 1326 864 1392 insequa-

61 1401 160 1460 tnrque
179 1393 248 1444 ordo
267 1393 301 1444 de
316 1394 432 1445 aedibus
446 1394 534 1444 sacris
549 1400 577 1444 et
590 1393 708 1459 publicis
727 1394 863 1444 aediliciis

60 1462 127 1511 item
148 1475 183 1524 ue
191 1461 326 1528 privati,
345 1461 444 1528 quibus
458 1460 685 1527 proportionibus
700 1467 729 1511 et
746 1475 864 1528 symme-

61 1475 252 1579 triisbebeant
262 1542 334 1590 esse,
345 1529 385 1580 uti
397 1529 560 1595 explicetur,
572 1544 626 1579 non
636 1529 729 1594 putavi
742 1534 805 1580 ante
816 1544 864 1595 po·

61 1595 194 1657 nendum,
208 1596 262 1646 nisi
272 1596 349 1662 prius
360 1596 394 1647 de
404 1597 538 1647 materiae
552 1596 653 1662 copiis,
668 1612 684 1646 e
697 1597 796 1662 quibus
807 1597 863 1646 col·

61 1664 126 1714 latis
136 1663 267 1714 aedilicia
276 1664 423 1714 structuris
435 1670 463 1715 et
472 1665 606 1715 materiae
616 1663 772 1714 rationibus
782 1664 863 1729 perfi-

60 1731 183 1793 ciuntur,
197 1746 265 1798 quas
280 1729 400 1782 habeant
409 1732 438 1781 in
451 1748 503 1782 usu
519 1733 647 1792 virtutes,
662 1732 863 1797 exposuissem,

58 1799 216 1865 quibusque
230 1812 322 1848 rerum
336 1805 451 1850 naturae
465 1800 609 1866 principiis
625 1804 719 1849 essent
728 1805 863 1864 tempera-

60 1873 114 1928 tae,
127 1865 270 1918 dixissem.
294 1865 349 1917 Sed
360 1874 423 1917 ante
434 1882 514 1933 quam
525 1865 667 1917 naturales
677 1881 722 1916 res
732 1867 862 1930 incipiam

59 1933 210 2000 explicare,
222 1933 256 1984 de
268 1933 459 1984 aedificiorum
468 1934 633 1995 rationibus,
645 1932 718 1983 unde
728 1933 810 1982 initia
819 1947 862 1982 ce-

60 2001 165 2067 perint,
183 2002 267 2052 etuti
281 2002 420 2051 creverint
433 2016 529 2052 eorum
544 2001 732 2060 inventiones,
750 2005 863 2063 antepo-

60 2083 136 2130 nam,
151 2074 181 2120 et
192 2068 324 2134 insequar
336 2069 480 2135 ingressus
495 2067 668 2134 antiquitatis
682 2081 774 2116 rerum
785 2073 862 2116 natu-

60 2151 106 2187 rae
122 2141 274 2197 eteorum,
293 2136 340 2202 qui
353 2136 434 2186 initia
448 2133 627 2185 humanitatis
642 2139 670 2183 et
686 2134 862 2184 inventiones

59 2203 227 2271 perquisitas
238 2203 404 2269 scriptorum
415 2203 572 2319 praeceptis
584 2202 791 2253 dedicaverunt.
810 2202 862 2252 lta-

58 2287 111 2338 que
124 2271 358 2338 quemedmodum
373 2271 406 2320 ab
439 2270 463 2320 is
475 2286 535 2320 sum
544 2270 701 2333 institutus,
717 2285 861 2335 exponam,

370 2371 501 2422 CAPUT
527 2371 548 2422 l.

59 2457 102 2511 De
120 2457 304 2526 priscorum
322 2455 480 2507 bominum
497 2455 564 2506 citu
585 2463 616 2507 et
633 2457 667 2506 de
684 2454 789 2505 initiis
811 2454 861 2505 leu-

93 2523 264 2579 mant’tatis
282 2532 377 2591 atque
395 2531 551 2575 tectorum
569 2531 599 2574 et
615 2521 819 2574 inerenrentis

403 2606 516 2643 eorum.

103 2678 243 2730 Homines
257 2676 347 2726 veteri
359 2690 450 2739 more,
469 2681 501 2726 ut
513 2673 603 2737 ferae,
622 2676 650 2725 in
664 2674 743 2725 silvis
759 2680 787 2725 et
802 2689 862 2740 spe-

52 2748 144 2802 luncis
155 2751 186 2797 et
194 2743 355 2795 nemoribus
366 2743 559 2804 nascebantur,
572 2742 691 2810 ciboque
702 2743 807 2811 agresti
817 2755 861 2792 ve-
