2054 3090
250 213 397 267 ‚blase
413 212 495 267 Vlll.
525 213 611 266 CAP.
629 213 649 265 l.
811 212 858 264 lob

51 309 203 367 sambatus
221 314 251 365 in
268 314 380 378 dentes,
406 320 556 383 autequam
574 315 620 366 sol
633 320 747 367 exortus
764 313 859 382 fuerit,

57 379 87 430 in
101 379 172 429 locis
185 383 285 446 quibus
299 383 355 433 erit
369 383 570 448 quaerendum,
588 389 618 433 et
632 384 660 433 in
675 389 752 434 terra
764 389 858 433 mento

54 446 199 497 collocato
215 455 245 500 et
257 448 330 500 fulto
346 451 553 515 prospiciantur
567 465 618 501 eae
635 451 776 517 regiones.
812 449 859 501 Sic

54 514 133 566 enim
143 528 199 564 non
209 517 314 568 errabit
320 517 460 568 excelsius
470 533 552 584 quam
563 523 693 583 oporteat
702 518 787 578 risus,
798 532 859 567 curn

51 581 114 637 ‚orit
126 581 271 634 immotum
285 590 420 646 mentum,
439 585 631 643 sedlibratam
641 585 816 636 altitudinem
831 584 860 634 in

51 647 223 714 regionibus
238 658 316 701 certa
328 651 455 702 linitione
471 651 636 718 designabit.
673 653 752 702 Tunc
761 652 790 701 in
801 650 859 717 qui-

58 716 111 765 bus
130 714 202 767 locis
225 717 391 769 videbuntur
405 716 537 770 humores
557 719 766 784 concrispantes
787 725 816 769 et
830 719 859 767 in

59 785 125 832 aera
135 785 295 850 surgentes,
309 785 349 836 ibi
358 784 496 838 fodiaturt
516 800 571 836 non
583 787 695 836 enimin
706 786 782 836 sicco
793 786 857 836 loco

60 847 114 900 boc
124 849 233 916 signum
246 853 419 917 potestlieri.
455 855 480 904 l.
499 852 569 903 ltem
584 853 858 903 animadvertendum

59 922 104 968 est
114 920 310 983 quaerentibus
321 935 428 987 aquam,
440 935 495 987 quo
506 934 609 986 genere
619 920 675 970 sint
685 920 761 982 loca3
782 924 859 969 certa

60 984 134 1034 enim
150 991 216 1036 sunt
233 987 262 1036 in
282 987 382 1054 quibus
401 988 533 1038 nascitur.
569 986 599 1037 ln
619 993 696 1037 creta
719 986 812 1037 tenuis
832 993 860 1035 et
899 1037 901 1040 .

60 1051 142 1101 exilis
157 1057 186 1103 et
200 1067 255 1104 non
270 1054 328 1105 alto
341 1061 385 1105 est
399 1055 494 1119 cupiat
516 1069 550 1104 ea
563 1055 618 1104 erit
633 1069 689 1104 non
700 1053 805 1118 optimc
817 1067 859 1102 sa-

60 1132 137 1184 pore.
173 1118 242 1170 ltem
256 1121 392 1172 sabulone
405 1122 499 1173 soluto
513 1121 606 1172 tenuis
621 1121 672 1170 sed
683 1118 733 1187 [si]
745 1118 860 1171 inierin-

58 1185 135 1236 ribus
156 1185 227 1238 locis
240 1188 411 1252 invenietur3
434 1203 469 1240 eo
482 1188 537 1239 orit
558 1187 659 1238 limosa
677 1192 707 1238 et
724 1187 857 1237 insuavis.

58 1251 90 1303 ln
103 1258 180 1303 terra
193 1261 285 1305 autern
300 1256 380 1322 nigra
389 1255 508 1307 sudores
521 1260 550 1306 et
562 1254 656 1306 stillas
675 1254 764 1306 exiles
783 1255 858 1304 inve·

53 1320 184 1382 ciuntur,
202 1337 274 1387 quae
292 1337 328 1373 ex
343 1321 467 1374 hibernis
485 1321 699 1387 tempestatibus
721 1321 858 1372 collectae

59 1387 87 1437 in
98 1387 195 1452 spissis
206 1395 235 1441 et
244 1389 344 1441 solidis
355 1389 425 1442 locis
435 1389 597 1452 subsidunt3
612 1403 662 1440 eae
673 1387 777 1440 babent
788 1388 858 1455 opti-

58 1469 132 1503 mum
146 1469 285 1520 saporem.
321 1455 424 1508 Glarea
438 1471 505 1508 vero
520 1456 677 1508 mediocres
694 1462 724 1508 et
733 1471 789 1507 non
800 1469 858 1506 cer-

59 1526 104 1571 tae
114 1534 201 1573 venae
211 1523 400 1589 reperiuntnr3
415 1539 465 1574 eae
476 1538 587 1590 quoquc
597 1524 713 1591 egregia
722 1529 787 1575 sunt
796 1536 857 1575 sua-

59 1588 154 1639 vitate.
190 1589 259 1640 ltem
269 1590 403 1643 sabulone
413 1591 538 1643 masculo
550 1605 688 1658 arenaque
705 1597 734 1641 et
744 1591 858 1642 carbun-

59 1654 122 1705 culo
144 1657 279 1708 certiores
300 1663 329 1708 et
347 1658 509 1710 stabiliores
528 1666 593 1711 sunt
617 1659 729 1724 copiae,
752 1672 857 1722 eaeque

58 1727 123 1772 sunt
138 1723 213 1773 bono
226 1736 335 1789 sapore.
371 1724 465 1775 Rubro
481 1740 548 1776 saxo
565 1731 594 1776 et
615 1726 747 1790 copiosae
765 1731 794 1773 et
811 1724 856 1773 bo·

59 1804 124 1849 nae,
144 1790 238 1840 sinon
252 1805 303 1856 per
312 1791 468 1842 intervenia
477 1792 636 1842 dilabantur
649 1797 678 1841 et
692 1791 857 1856 liquescant.

58 1855 116 1905 Sub
135 1855 274 1907 radicibus
289 1865 382 1907 autern
396 1858 532 1909 montium
546 1858 616 1908 etin
636 1857 711 1907 saxis
732 1857 858 1907 silicibus

57 1921 203 1972 uberiores
212 1928 241 1972 et
249 1921 451 1985 affluentiores,
467 1940 573 1991 eaeque
583 1924 745 1992 frigidiores
756 1931 821 1974 sunt
831 1931 860 1973 et

58 1987 239 2039 salubriores.
275 1989 483 2054 Campestribus
499 2000 591 2042 autem
611 1991 736 2042 lontibus
755 1989 856 2051 salsae,

59 2068 173 2122 graves,
187 2055 312 2121 tepidae,
326 2072 382 2107 non
393 2073 506 2121 suaves,
521 2059 574 2108 nisi
587 2073 657 2126 quae
673 2073 708 2108 ex
718 2058 857 2110 montibus

58 2123 110 2173 sub
125 2127 201 2173 terra
211 2123 406 2175 submanantes
422 2132 568 2190 erumpunt
581 2127 610 2176 in
626 2125 734 2174 aradios
746 2140 858 2189 campos

59 2189 152 2255 ibique
171 2190 302 2240 arborum
316 2190 420 2242 umbris
435 2198 580 2244 contectae
594 2198 738 2259 praestant
752 2205 856 2241 monta·

58 2271 155 2306 norum
170 2256 289 2308 fontium
302 2259 475 2309 suavitatem.
511 2259 534 2309 3.
555 2259 641 2327 Signa
650 2264 743 2328 autem
759 2259 857 2325 quibus

58 2333 194 2375 terrarum
208 2324 358 2391 generibus
373 2340 457 2391 supro
471 2327 660 2392 scriptumest
674 2341 708 2376 ea
717 2326 857 2376 invenien-

57 2400 104 2440 tur
117 2392 273 2454 nascentia,
292 2393 383 2443 tenuis
397 2393 509 2455 iuncus,
526 2394 598 2446 salix
615 2393 748 2454 erratica,
768 2393 857 2452 alnus,

63 2458 151 2520 vitex,
162 2459 268 2509 arundo
274 2495 283 2521 ,
293 2457 407 2522 hedera,
418 2461 542 2527 aliaque,
554 2476 625 2527 quae
636 2459 774 2512 eiusmodi
784 2467 857 2520 sunt,

60 2539 131 2591 quae
141 2540 196 2576 non
206 2528 410 2591 possuntnasci
420 2542 509 2594 perse
524 2529 585 2580 sine
599 2527 724 2579 humore.
760 2526 856 2578 Solent

59 2598 151 2643 antem
171 2593 268 2644 eodem
288 2594 316 2644 in
329 2594 435 2645 lacunis
455 2603 520 2646 nata
539 2611 616 2659 esse,
636 2608 707 2661 quae
728 2594 857 2644 sedentes

57 2666 170 2726 praeter
185 2661 322 2728 reliquum
340 2677 436 2728 agrurn
456 2664 598 2730 excipiunt
617 2678 651 2715 ex
677 2660 810 2714 imbribus
831 2668 858 2710 et

57 2727 133 2793 agris
151 2742 201 2794 per
216 2727 334 2779 hie-mem
358 2730 518 2796 diutiusque
541 2738 656 2797 propter
677 2729 858 2795 capacitatem
