2054 3090
171 159 226 215 '19⁰
369 161 432 214 -DE
454 161 786 217 ARCHITECTURA

176 265 311 328 demissa,
330 265 438 317 invenit
451 266 513 333 plus
526 280 615 336 aquae
630 264 780 319 defluxisse
792 264 822 316 in
836 278 978 330 caream.

177 351 258 403 quam
271 334 300 385 in
314 348 427 384 auream
441 335 540 385 eodem
555 334 679 400 pondere
691 348 823 386 massam:
844 337 873 385 et
889 333 978 386 itaer

177 419 225 465 eo,
247 403 321 470 quod
334 402 397 468 plus
413 399 569 458 defluxerat
582 417 670 520 apinae
683 401 712 452 in
725 415 832 480 corona
849 415 933 481 quam
950 401 978 452 in

177 486 281 532 massa,
309 469 493 520 ratiocinatus
517 470 602 536 depre
624 470 702 522 endit
722 474 833 537 argentl
854 484 885 520 rn
908 482 976 520 auro

176 539 338 589 mixtionem
353 544 382 588 et
395 535 687 589 manifestumfurtum
704 535 901 604 redemptoris.
937 535 976 586 la.

177 605 374 656 Transferatur
387 619 465 656 mens
480 606 515 656 ad
524 602 663 672 Archytae
677 604 822 656 Tarentini
837 610 867 656 et
877 603 977 655 Erato·

177 672 283 724 sthenis
295 673 431 738 Cyrenaei
446 673 578 740 cogitata.
614 673 653 723 lli
667 673 739 723 enim
753 671 842 723 multa
855 677 884 723 et
897 677 978 740 grata

177 758 193 791 a
203 739 404 791 mathematicis
413 740 496 791 rebus
507 737 664 791 hominibus
674 741 846 791 invenerunt.
881 739 978 807 ltaque

178 808 277 858 cum-in
288 808 390 858 ceteris
400 807 607 858 inventionibus
617 807 723 859 fuerint
731 807 814 876 grati,
824 807 855 857 in
863 807 927 858 cius
936 807 977 858 rei

177 874 433 927 concertationibus
444 875 564 926 maxime
575 882 639 926 sunt
648 876 781 942 suspecti.
814 873 894 926 illius
905 875 977 926 enim

177 944 350 994 aliaratione
366 943 552 1009 explicarunt,
566 943 640 1010 quod
649 942 722 994 Delo
736 943 924 1060 imperaverat
936 954 977 992 re·

177 1012 288 1077 sponsis
297 1010 411 1076 Apollo,
427 1011 467 1060 uti
481 1025 547 1061 arae
562 1012 621 1061 eius
632 1018 762 1078 quantum
798 1009 916 1061 aberent
930 1025 976 1076 pe·

178 1080 241 1130 dum
252 1079 461 1146 quadratorum,
472 1078 501 1129 id
511 1077 712 1144 duplicaretur,
726 1083 755 1130 et
763 1076 888 1140 italam,
904 1085 937 1129 ut
949 1075 977 1129 hi

178 1148 224 1215 qui
240 1146 375 1197 essentia
391 1159 424 1195 ea
437 1144 529 1197 insula
545 1153 611 1197 tunc
624 1145 762 1215 religione
780 1144 977 1198 liberarentur.

179 1217 218 1265 14.
237 1215 332 1281 ltaque
345 1210 482 1279 Archytas
503 1210 767 1280 hemicylindrorum
784 1213 978 1281 descriptioni·

176 1283 241 1343 bus,
260 1278 462 1331 Eratosthenes
477 1295 509 1331 or
530 1281 609 1331 anica
626 1281 763 1333 mesolabi
776 1281 888 1333 ratione
903 1281 977 1333 idern

178 1350 395 1415 explicaverunt.
432 1348 500 1400 Cum
510 1296 579 1400 {aec
589 1349 710 1402 sinttam
718 1349 826 1417 magnis
837 1348 976 1401 doctrina-

177 1433 236 1467 rum
252 1415 469 1466 iucunditatibus
484 1417 687 1480 animadversa,
706 1422 735 1469 et
754 1431 887 1484 cogamur
900 1422 977 1469 natu·

177 1485 274 1534 raliter
283 1483 504 1547 inventionibus,
516 1485 558 1535 sin
598 1485 687 1536 larum
695 1499 788 1536 rerum
798 1484 977 1536 consideran-

178 1558 220 1602 tes
232 1549 362 1611 effectus,
381 1551 501 1616 moveri3
519 1568 565 1602 mu
577 1557 620 1604 tas
632 1568 679 1605 res
691 1553 839 1604 attendens
856 1551 979 1602 admiror

179 1621 262 1670 etiam
275 1617 430 1669 Democriti
450 1618 484 1668 dc
503 1634 595 1671 rerum
609 1626 708 1672 natura
721 1619 862 1671 volumina
874 1624 904 1670 et
918 1619 977 1669 eius

178 1686 413 1748 commentarium,
425 1687 500 1754 quod
508 1688 670 1740 inscribitur
678 1682 873 1752 Χιιροκμὴεων,
882 1686 911 1737 in
922 1701 975 1754 quo

178 1757 261 1807 etiam
275 1754 405 1806 utebatur
419 1755 502 1806 anulo
517 1748 630 1823 signans
646 1771 711 1807 cera
722 1754 803 1806 molli
816 1767 888 1821 quae
903 1757 978 1805 esset

177 1830 317 1891 expertus.
354 1821 394 1873 15.
413 1821 489 1891 Ergo
513 1838 609 1875 eorum
634 1824 757 1875 virorum
776 1822 903 1890 cogitata
921 1836 975 1872 non

178 1893 268 1942 solum
285 1891 422 1942 admones
437 1891 684 1958 corrigendos,sed
699 1890 783 1942 etiam
802 1890 838 1941 cd
855 1889 977 1941 omnium

178 1960 325 2012 utilitatem
348 1964 484 2024 perpetuo
507 1965 572 2012 sunt
596 1964 769 2026 praeparata.
804 1956 977 2010 Athletarum

177 2034 270 2077 autem
289 2026 451 2077 nobilitates
464 2025 543 2078 brevi
556 2026 647 2094 spatio
662 2042 724 2078 cum
737 2025 796 2078 suis
811 2024 976 2094 corporibus

178 2100 337 2158 senescunt3
356 2094 450 2162 itaque
461 2108 550 2162 neque
561 2109 622 2145 cum
631 2095 750 2146 maxime
760 2098 825 2146 sunt
833 2091 976 2150 florentes,

179 2159 482 2230 nequeposteritati[ne
501 2159 546 2230 ae]
557 2163 691 2214 institutis
701 2159 976 2230 hi,quemadmodnm

178 2230 343 2295 sapientium
356 2229 481 2298 cogitata
514 2231 634 2281 ominum
653 2230 740 2294 ritae,
759 2229 895 2297 prodesse
914 2242 975 2296 poa-

178 2303 248 2347 sunt.
286 2296 325 2350 ld.
346 2297 414 2349 Cum
424 2311 490 2348 vero
500 2312 590 2366 nsque
603 2297 728 2349 moribus
741 2311 831 2365 neque
840 2294 975 2348 institutis

177 2365 342 2432 scriptorum
355 2364 560 2433 praestantibus
574 2365 731 2417 tribuantur
743 2362 879 2427 honores,
897 2363 973 2431 ipsae

178 2439 269 2484 autem
288 2448 386 2502 perse
405 2440 525 2496 mentes,
550 2435 623 2485 aeris
643 2434 744 2485 altiora
761 2431 975 2500 prospicientes,

177 2503 371 2553 memoriarum
390 2501 522 2568 gradibus
541 2502 575 2552 ad
595 2501 705 2554 coelum
719 2501 823 2564 elatae,
842 2512 913 2552 aevo
926 2498 975 2550 im·

177 2570 289 2620 mortali
303 2586 358 2620 non
372 2569 455 2619 modo
471 2570 624 2621 sententias
639 2569 786 2621 sedetiam
804 2568 909 2638 ligures
929 2580 975 2618 eo·

179 2652 236 2685 rum
251 2639 371 2702 posteris
387 2644 491 2703 cogunt
505 2652 568 2688 esse
581 2643 671 2689 notas.
706 2636 802 2705 ltaque
816 2636 864 2705 qui
881 2635 975 2691 litem

178 2719 238 2752 rum
261 2705 479 2757 iucunditatibus
501 2705 648 2756 instinctas
671 2702 773 2757 habent
794 2709 903 2758 menter
919 2717 977 2758 narr
