2054 3090
108 245 141 297 36
313 248 364 298 DE
391 247 709 298 ARCHITECTURA

109 354 200 400 autem
211 364 312 400 arenae
322 349 451 400 fossitiae
462 355 526 401 sunt
536 348 601 412 hae,
615 350 707 417 nigra,
723 365 804 413 cana,
819 350 912 414 rubra,

109 417 301 466 carbunculus.
332 417 375 468 Ex
386 415 429 467 bis
440 418 545 483 quaein
556 432 638 467 manu
648 417 802 469 confricata
811 417 914 470 fecerit

110 485 271 544 stridorem,
290 485 345 534 erit
363 485 479 550 optima:
498 499 568 551 quae
583 491 674 534 autem
689 491 799 536 terrosa
816 484 912 547 fuerit,

111 567 166 602 non
176 549 289 600 habebit
299 553 488 617 asperitatem:
500 553 565 602 item
576 552 599 601 si
608 553 636 601 in
647 553 840 603 vestimentum
850 568 913 603 can·

111 618 204 669 dicium
220 633 250 667 ea
267 619 394 668 coniecta
406 617 504 680 fuerit,
518 624 617 684 postea
631 633 749 670 excussa
758 619 804 669 vel
813 620 870 670 icta
883 619 913 669 id

111 701 166 735 non
177 685 372 750 inquinaverit,
383 700 472 751 neque
481 686 520 736 ibi
532 686 778 748 terrasubsiclerit,
790 687 844 737 erit
854 687 912 736 ido-

110 767 171 802 nea.
194 754 218 802 2.
234 751 281 802 Sin
292 757 448 802 autemnon
460 759 539 803 erunt
549 754 685 815 arenaria,
697 754 768 803 unde
778 752 912 815 fodiatur,

110 825 168 870 tum
179 819 213 869 de
224 818 380 870 fluminibus
387 817 460 887 [aut]
471 819 592 886 eglarea
601 821 655 871 erit
665 820 847 883 excerpenda,
859 836 912 871 nou

111 887 200 936 minus
212 886 295 936 etiam
306 886 340 936 de
352 887 446 938 littore
457 887 573 937 marino.
611 886 666 938 Sed
677 902 710 937 ea
720 888 749 938 in
763 889 912 937 structuris

111 953 181 1004 haec
195 951 279 1004 habet
288 954 357 1004 vitia
383 954 531 1004 difficulter
541 955 683 1017 siccescit,
697 969 787 1021 neque
801 954 912 1004 onerari

110 1037 140 1072 se
156 1021 332 1072 continenter
344 1022 437 1087 paries
451 1023 567 1086 patitur,
587 1022 642 1071 nisi
656 1020 912 1072 intermissionibus

110 1089 280 1156 requiescat:
293 1102 382 1155 neque
391 1090 647 1139 concamerationes
658 1089 767 1154 recipit.
803 1087 913 1138 Marino

111 1163 203 1208 autem
215 1154 269 1206 hoc
279 1157 408 1222 amplius,
424 1157 498 1222 quod
509 1157 592 1206 etiam
603 1157 738 1222 parietes,
753 1171 814 1206 cum
825 1155 854 1204 in
869 1153 912 1205 his

111 1225 229 1275 tectoria
239 1222 314 1274 facta
324 1222 394 1274 fueri
399 1230 436 1284 nt,
445 1224 618 1274 remittentes
627 1224 797 1289 salsuginem
806 1223 912 1272 corium

111 1291 273 1341 dissolvunt.
288 1291 311 1342 3.
320 1290 847 1341 Fossitiaeveroceleriteriustructuris
860 1290 913 1340 sic·

111 1363 237 1419 cescunt,
252 1364 281 1407 et
293 1358 412 1408 tectoria
421 1365 595 1424 permanent,
611 1366 640 1409 et
653 1357 911 1408 concamerationes

110 1426 263 1491 patiuntur,
278 1425 328 1475 sed
341 1423 406 1486 hae,
423 1440 493 1491 quae
504 1432 569 1475 sunt
578 1425 613 1476 de
624 1426 759 1475 arenariis
773 1432 911 1475 recentes.

110 1493 140 1544 Si
151 1492 223 1542 enim
234 1498 378 1558 exemptae
390 1492 492 1543 diutius
502 1493 624 1554 iaceant,
639 1493 673 1544 ab
687 1493 747 1542 sole
762 1498 791 1543 et
804 1491 870 1541 iuna
884 1498 913 1542 et

111 1560 208 1625 pruina
219 1565 370 1610 concoctae
381 1560 569 1621 resolvuntur,
581 1565 610 1610 et
621 1560 689 1610 fiunt
698 1568 833 1610 terrosae.
870 1559 913 1610 lta

111 1642 172 1676 cum
186 1627 214 1676 in
226 1632 393 1677 structuram
408 1628 605 1689 coniiciuntur,
624 1643 678 1677 uon
689 1632 807 1692 possunt
824 1627 912 1677 conti-

111 1709 176 1744 nere
191 1700 346 1756 caementa,
360 1695 409 1745 sed
425 1709 458 1744 ea
471 1701 555 1745 ruunt
567 1700 596 1744 et
609 1694 751 1756 labuntur,
770 1707 912 1810 ouer-aput·¹

110 1761 231 1828 parietes
243 1777 297 1811 non
307 1768 425 1827 possunt
434 1763 581 1813 sustinere.
604 1760 742 1812 Recentes
754 1767 845 1813 autem
869 1776 912 1812 os-

110 1830 192 1880 sitiae
207 1845 268 1879 cum
281 1830 310 1879 in
324 1830 469 1880 structuris
479 1835 571 1880 tantas
584 1827 704 1879 habeant
717 1829 845 1888 virtutes,
861 1843 912 1878 eae

110 1899 138 1947 in
150 1897 279 1948 tectoriis
294 1896 358 1947 ideo
373 1912 428 1947 non
443 1903 508 1947 sunt
521 1897 618 1957 utiles,
637 1897 712 1963 quod
725 1895 913 1962 pinguitudini

111 1965 170 2014 eius
182 1965 253 2026 calx,
262 1964 343 2030 palea
353 1964 510 2026 commixta,
519 1969 634 2029 propter
643 1962 845 2014 vehementiam
856 1978 912 2013 non

110 2038 204 2098 potest
214 2033 273 2082 sine
284 2032 360 2082 rimis
373 2031 543 2082 inarescere:
562 2030 703 2082 fluviatica
716 2045 782 2080 vero
797 2037 914 2096 propter

110 2100 295 2161 macritatem,
313 2099 353 2150 uti
367 2098 505 2165 Signium,
524 2098 687 2148 bacillorum
702 2098 912 2149 subactionibus

111 2166 138 2216 in
149 2167 270 2216 tectorio
281 2166 381 2231 recipit
391 2166 570 2216 soliditatem.

404 2266 556 2317 CAPUT
585 2264 619 2317 V.

431 2347 479 2400 De
497 2351 590 2400 calce.

160 2433 202 2483 De
214 2447 314 2482 arenae
329 2433 418 2498 copiis
433 2448 494 2483 cum
508 2431 642 2484 habeatur
656 2433 834 2499 explicatum,
852 2439 910 2482 tum

110 2502 193 2553 etiam
205 2501 238 2550 de
251 2501 327 2551 calce
339 2500 485 2567 diligentia
498 2507 541 2552 est
554 2499 722 2562 adhibenda,
742 2499 781 2550 uti
797 2499 830 2548 de
846 2498 910 2550 albo

110 2584 178 2620 saxo
196 2574 244 2619 aut
260 2569 338 2618 silice
357 2575 503 2634 coquatur3
523 2574 551 2619 et
567 2583 636 2634 quae
653 2569 706 2618 erit
720 2582 754 2617 ex
771 2566 863 2631 spisso
883 2574 912 2617 ct

111 2637 235 2697 duriore,
247 2637 301 2685 erit
310 2636 386 2686 utilis
397 2636 425 2684 in
436 2642 588 2696 structura,
603 2650 674 2701 quae
685 2640 775 2684 autem
789 2648 822 2682 ex
834 2633 911 2683 fistu-

109 2705 182 2765 loso,
192 2704 220 2752 in
230 2704 366 2754 tectoriis.
390 2704 457 2754 Cum
468 2717 502 2753 ea
512 2703 565 2753 erit
575 2703 707 2764 extincta,
718 2707 784 2752 tunc
793 2702 912 2752 materia

104 2774 146 2826 ita
158 2770 323 2835 misceatur,
338 2776 369 2822 ut
382 2770 408 2822 si
421 2771 474 2820 erit
488 2768 612 2833 fossitia,
627 2776 685 2821 tres
700 2783 801 2820 arenae
816 2774 845 2820 et
857 2783 914 2820 una
