2054 3090
226 116 271 168 196
417 116 473 169 DE
498 116 826 170 ARCHITECTURA

222 234 333 270 currere
343 218 483 284 videntum
502 221 577 287 quod
591 234 771 287 quaeeunque
781 234 877 271 earum
885 218 1022 271 minoren

223 288 433 338 circinationem
452 298 603 354 peragens,
623 290 735 355 saepius
752 288 865 340 subiens
884 287 1022 354 praeterit

221 355 402 421 superiorem.
439 355 478 405 15.
499 354 735 416 Quemadmodum
749 357 774 406 si
785 351 815 405 in
827 361 906 417 rota,
924 370 981 421 qua
991 354 1021 404 fi·

223 423 281 489 guli
291 429 416 485 utuntur,
426 424 574 489 impositae
584 422 689 474 fuerint
697 430 803 489 septem
813 420 963 484 fumicae,
977 437 1021 472 ca·

223 490 355 556 naiesque
369 491 486 542 totidem
500 490 530 541 in
542 497 606 542 rota
620 489 690 541 iacti
704 490 761 541 sist
773 490 878 540 circum
896 495 1022 540 centrum

224 558 252 606 in
263 559 319 607 imo
331 564 524 609 accrescentes
536 558 572 609 ad
582 564 749 620 extremum,
762 556 901 623 inquibus
913 554 966 607 bae
977 571 1022 607 co·

225 630 324 689 gantur
339 626 549 677 circinationem
558 624 665 687 fecere,
679 633 859 691 verseturque
874 624 975 674 rotain
985 624 1022 675 al·

224 698 311 742 teram
325 699 444 757 partem,
464 708 579 744 necesse
593 694 711 744 eniteas
725 697 824 743 eontra
835 697 916 742 rotae
931 705 1022 742 rema·

226 759 329 809 tionem
349 758 436 811 nihilo
455 761 545 811 minus
564 760 683 813 adversa
699 760 802 810 itinere
819 758 971 824 perficere,
995 764 1024 808 et

226 841 296 892 quae
304 828 459 893 proximum
468 835 592 879 centrum
602 825 730 879 habuerit
737 826 857 878 celerius
866 825 1023 905 pervagari,

226 909 351 961 quaeque
362 902 514 946 extremum
526 895 619 946 orbem
629 902 710 946 rotae
718 893 970 974 peraget,etiams1
980 907 1024 942 ae·

227 976 279 1028 que
294 963 423 1014 celeriter
436 963 570 1025 ambulet,
586 968 701 1029 propter
710 960 929 1029 magnitudinem
945 960 1024 1011 circi·

227 1029 348 1080 nationis
365 1030 452 1081 multo
470 1030 577 1082 tardius
598 1030 734 1097 perticere
752 1043 875 1080 cursum:
894 1027 1025 1079 similiter

227 1103 302 1146 astra
316 1098 433 1149 nitentia
452 1104 550 1150 contra
563 1098 657 1149 mundi
672 1111 782 1149 eursum
800 1095 859 1147 suis
876 1094 1026 1146 itineribus

227 1164 374 1230 perficiunt
388 1165 546 1228 circuitum,
564 1165 615 1216 sed
629 1165 703 1217 coeli
715 1164 874 1216 versatione
888 1162 1026 1214 redunde-

227 1231 351 1282 tionibus
363 1233 523 1285 reieruntus
538 1233 701 1301 quotidiano
713 1231 848 1298 temporis
866 1230 1026 1283 circulatio·

228 1313 271 1349 ne.
308 1299 348 1352 lt.
367 1300 437 1351 iisse
451 1307 544 1352 autem
563 1301 634 1352 alias
651 1299 749 1352 stelias
766 1303 938 1365 temperatus
955 1297 1026 1349 alias

228 1364 368 1418 ferventes
381 1367 519 1434 etiamque
534 1367 668 1436 frigidas,
686 1365 756 1419 baec
769 1380 835 1419 esse
853 1378 942 1417 emsa
951 1365 1016 1416 ride

228 1439 285 1496 tur,
301 1435 375 1500 quod
385 1435 474 1486 omnis
482 1435 557 1503 ignis
569 1437 599 1487 in
611 1436 757 1502 superiora
769 1434 836 1487 loon
850 1430 939 1484 hehet
948 1447 1017 1485 scen

228 1501 339 1552 dentem
351 1500 495 1554 flammam.
530 1503 605 1571 Ergo
620 1502 670 1557 Sol
683 1500 810 1565 aethera,
824 1501 931 1569 quiesi
944 1513 1020 1566 supr

229 1585 272 1631 se,
286 1569 372 1622 radiis
384 1584 502 1621 exurens
513 1570 599 1623 efficit
608 1571 787 1633 candentem,
799 1570 830 1621 in
843 1567 945 1635 quibus
954 1567 1022 1619 ioci

229 1635 313 1688 hahet
322 1652 431 1689 cursum
440 1638 539 1690 Martis
549 1639 645 1704 stella;
653 1639 748 1706 itaque
757 1636 870 1690 fervens
879 1636 914 1688 sb
925 1634 1027 1687 ardor

228 1705 434 1764 solisefficitur.
470 1705 582 1758 Saturni
591 1705 782 1774 autem,quod
792 1711 836 1757 est
844 1704 1017 1772 proximor

228 1781 319 1824 tremo
338 1773 439 1825 mundo
458 1781 505 1826 tan
528 1774 603 1842 'tque
616 1773 780 1842 congelatas
795 1773 870 1825 coeii
884 1772 1017 1840 regiones

229 1840 407 1893 vehementer
435 1848 478 1893 est
502 1789 614 1910 ffigmn
649 1841 692 1894 Ex
718 1856 753 1893 eo
775 1840 852 1893 lovis
872 1854 935 1892 cum
953 1855 1008 1891 rs·2

229 1911 373 1977 utriusque
392 1909 573 1963 circuitiones
590 1907 692 1961 babeat
704 1922 830 1971 cursum,
849 1905 1008 1974 arefeiger

229 1978 306 2028 tione
320 1978 469 2045 caloreque
488 1991 584 2029 eorum
598 1976 692 2029 medio
706 1976 905 2028 convenientes
922 1980 997 2040 tem
1007 2005 1017 2017 ιι

229 2045 439 2113 notissimosque
450 2043 552 2097 babere
562 2044 672 2096 ridetur
681 2042 808 2097 effectus.

230 2215 370 2265 contrario
391 2228 476 2280 opere
490 2229 523 2266 ac
534 2192 632 2277 cursu,
653 2213 751 2281 quibus
768 2208 923 2263 rationibus
938 2216 968 2261 et
981 2225 1017 2260 nn

229 2283 313 2333 meris
323 2288 466 2333 transeant
480 2296 515 2334 ex
529 2281 616 2362 signis
629 2281 658 2332 in
667 2281 762 2362 signa,
776 2285 805 2331 et
818 2278 964 2330 cirnfitnm
982 2291 1017 2328 eo

230 2366 303 2413 rum,
318 2350 359 2401 uti
369 2348 623 2466 apraeceptorrbus
633 2363 741 2415 accepi,
757 2345 886 2415 exposui:
906 2360 980 2396 nnnc
994 2344 1027 2394 d-

232 2418 367 2468 orescenti
382 2416 484 2468 lumine
512 2431 594 2468 mnae
609 2415 867 2482 deminutioneque‚
887 2412 928 2463 uti
943 2411 1018 2464 tradi

230 2497 286 2537 tum
298 2491 341 2536 est
350 2484 430 2536 nobis
441 2484 627 2547 maioribus,
639 2484 737 2536 dicam.

529 2626 729 2646 w
