2054 3090
317 217 443 270 LIBER
459 217 509 270 vl.
539 218 621 270 CAP.
641 218 727 271 Vlll.
868 223 916 274 131

113 321 187 388 gulis
198 337 260 372 cum
270 336 413 373 recessum
424 320 510 371 fuerit
519 320 553 370 ab
563 321 699 373 interiore
709 324 813 389 angulo
825 326 915 390 spatio

112 389 267 458 altitudinis
277 389 502 450 substructionis,
512 389 541 438 in
552 394 697 456 utramque
708 396 814 455 partem
825 393 916 458 signe-

114 463 170 517 tur,
188 463 217 506 et
227 457 260 507 ab
272 455 314 506 his
331 456 418 522 signis
429 456 578 522 diagonios
593 462 734 507 structura
746 458 916 523 collocetur;

115 530 143 573 et
158 524 192 574 ab
209 539 243 574 ea
257 524 349 573 media
362 524 451 573 altera
468 524 617 574 coniuncta
635 539 696 574 cum
714 527 817 591 angulo
837 528 917 577 muri.

113 591 156 640 lta
169 592 267 641 dentes
283 597 311 640 et
320 591 469 656 diagoniae
483 596 639 641 structurae
655 606 709 641 non
720 594 864 656 patientur
877 599 918 644 to-

114 665 143 708 ta
153 659 180 707 ri
190 673 317 724 premere
326 673 447 720 murum,
462 658 512 708 sed
523 657 699 723 dissipabunt
712 660 858 710 retinendo
869 659 918 711 im-

113 731 207 791 petum
222 726 424 792 congestionis.
461 725 485 774 8.
506 725 745 785 Quemadmodum
758 743 844 793 opera
857 729 917 778 sine

114 793 188 843 vitiis
206 796 336 859 oporteat
351 793 498 854 constitui,
514 794 597 842 etuti
614 799 745 845 careatur
760 795 917 861 incipienti·

112 861 164 911 bus
176 862 307 926 exposui3
327 875 445 926 namque
456 861 490 910 dc
501 860 605 926 tegulis
622 866 670 910 aut
679 861 764 928 tignis
780 872 827 912 aut
841 878 916 912 asse·

112 928 189 977 ribus
207 928 385 978 immutandis
401 943 457 977 non
472 928 570 977 eadem
584 933 629 978 est
643 943 721 989 cura,
739 930 915 995 quemadmo-

113 996 178 1045 dum
193 996 226 1045 de
242 994 298 1058 bis3
319 994 393 1061 quod
409 1009 442 1044 ea
458 995 582 1060 quamvis
596 996 653 1045 sint
667 995 781 1057 vitiosa,
796 996 918 1047 faciliter

111 1067 261 1112 mutantur.
297 1061 338 1111 lta
354 1077 424 1128 quae
438 1076 490 1112 nec
501 1062 592 1113 solida
603 1062 714 1128 quidem
729 1069 860 1129 putantur
875 1079 917 1114 es-

112 1145 155 1192 se,
176 1129 274 1196 quibus
288 1129 444 1180 rationibus
462 1127 531 1179 haec
546 1135 678 1195 poterunt
697 1145 760 1180 esse
778 1131 869 1193 firma,
889 1141 916 1181 et

111 1197 343 1263 quemadmodum
370 1196 552 1246 instituantur
581 1197 707 1261 exposui.
755 1196 779 1248 9.
809 1198 915 1257 Quibus

110 1271 203 1314 autem
215 1265 356 1330 copiarum
372 1263 521 1330 generibus
537 1269 667 1329 oporteat
675 1265 730 1326 uti,
745 1280 801 1316 non
816 1272 860 1316 est
872 1280 915 1315 ar·

111 1330 226 1382 cbitecti
240 1337 379 1398 potestas3
399 1332 465 1382 ideo
482 1332 556 1397 quod
572 1346 628 1381 non
646 1333 675 1381 in
695 1333 823 1384 omnibus
842 1334 913 1385 locis

110 1400 203 1449 omnia
221 1414 325 1466 genera
341 1399 483 1464 copiarum
499 1403 663 1461 nascuntur,
682 1401 723 1451 uti
736 1401 764 1451 in
784 1404 911 1467 proximo

109 1467 249 1517 volumine
265 1472 309 1517 est
322 1466 488 1532 expositum.
525 1465 677 1517 Praeterea
695 1467 724 1518 in
744 1469 850 1519 domini
870 1476 914 1519 est

110 1540 264 1602 potestate,
283 1539 374 1585 utrum
393 1534 516 1584 lateritio
535 1549 570 1584 an
589 1536 768 1586 coementitio
788 1553 823 1587 an
842 1552 910 1588 saxo

110 1603 246 1669 quadrato
261 1602 330 1652 velit
343 1602 502 1653 aedificare.
538 1601 635 1668 ltaque
656 1605 777 1653 omnium
796 1619 911 1670 operum

109 1669 290 1736 probationes
305 1669 445 1734 tripartito
461 1670 687 1730 considerantur,
708 1671 737 1721 id
757 1675 801 1721 est
818 1670 913 1723 fabrili

107 1736 275 1797 subtilitate,
289 1736 497 1802 magnificentia
507 1742 535 1786 et
545 1737 739 1802 dispositione.
776 1737 844 1788 Cum
857 1753 913 1788 ma·

108 1804 273 1868 gnificenter
288 1817 357 1867 opus
372 1801 524 1867 perfectum
539 1804 690 1869 aspicietur
704 1819 721 1853 a
740 1804 846 1854 domini
864 1820 912 1870 po-

108 1875 225 1930 testate,
239 1869 382 1934 impensae
396 1868 592 1920 laudabuntur:
613 1886 674 1920 cum
685 1870 838 1933 subtiliter,
855 1873 912 1921 offi-
986 1921 989 1928 ,

109 1936 243 1986 cinatoris
262 1935 424 2002 probabitur
442 1937 564 1987 exactio:
586 1952 647 1986 cum
666 1951 734 1987 vero
753 1944 910 2000 venustate,

108 2002 336 2069 proportionibus
348 2008 376 2052 et
385 2004 554 2068 symmetriis
566 2001 695 2053 babuerit
704 2006 909 2068 auctoritatem,

107 2079 172 2120 tunc
183 2068 269 2119 fuerit
279 2069 370 2136 gloria
385 2069 539 2120 architecti.
577 2073 616 2120 lo.
635 2070 716 2121 llaec
726 2077 817 2122 autem
832 2082 908 2123 recte

107 2137 329 2198 constituuntur,
347 2152 407 2186 cum
418 2137 442 2186 is
454 2143 482 2186 et
495 2152 511 2187 a
522 2137 609 2188 fabris
628 2143 657 2187 et
667 2138 701 2188 ab
711 2138 808 2189 idiotis
824 2142 909 2205 patia-

106 2215 151 2256 tur
165 2206 292 2270 accipere
308 2218 338 2254 se
355 2204 482 2255 consilia.
518 2204 643 2272 Namque
659 2221 754 2257 onmes
774 2205 909 2268 homines,

105 2289 161 2324 non
176 2274 266 2322 solum
277 2270 528 2338 architecti,=quod
544 2278 588 2323 est
602 2273 705 2325 bonum
719 2282 837 2340 possunt
848 2291 908 2342 pro-

104 2341 185 2404 bare;
209 2340 259 2390 sed
277 2339 351 2389 inter
369 2340 473 2390 idiotas
493 2345 522 2390 et
540 2354 590 2390 eos
610 2339 664 2392 boc
683 2347 726 2391 est
750 2343 908 2404 discrimen,

106 2409 180 2476 quod
199 2407 290 2458 idiota
311 2407 365 2456 nisi
384 2406 487 2457 factum
507 2408 621 2471 viderit,
645 2424 701 2461 non
720 2415 816 2476 potest
834 2411 907 2460 scire

104 2476 170 2542 quid
190 2474 313 2525 futurum
334 2475 383 2537 sit3
407 2472 577 2526 architectus
595 2481 688 2527 autom
709 2478 792 2528 simul
814 2479 906 2528 animo

103 2543 300 2605 constituerit,
318 2548 466 2609 antequam
486 2543 636 2608 inceperit,
659 2550 688 2594 et
710 2550 856 2596 venustate
880 2552 907 2596 et

102 2627 152 2661 usu
164 2617 193 2660 et
203 2611 306 2661 decore
317 2611 400 2677 quale
411 2610 449 2660 sit
457 2609 590 2673 futurum,
601 2609 686 2663 babet
696 2613 848 2664 delinitum.

151 2677 225 2738 Quas
237 2693 282 2728 res
293 2678 409 2744 privatis
420 2678 557 2729 aediliciis
567 2679 652 2730 utiles
663 2681 767 2746 putavi,
775 2686 804 2731 et
813 2696 904 2748 quem-

99 2746 247 2795 admodum
267 2746 324 2795 sint
341 2744 505 2809 faciundae,
528 2761 611 2812 quam
629 2749 806 2815 apertissime
825 2750 907 2814 potui
