2054 3090
143 194 177 243 ¹4
345 195 399 245 DE
425 195 745 247 ARCHITECTURA

144 295 240 361 quanti
249 294 354 346 fuerint
365 297 432 346 olim
442 296 598 359 lectitanti
609 312 672 348 esse
683 310 793 362 semper
801 295 948 346 aestiman-

143 367 196 412 tur.
232 361 328 480 ltaque
340 363 480 414 nonnullis
492 365 652 415 civitatibus
663 370 692 416 et
702 364 814 430 pu'blica
824 377 911 429 opera
921 368 948 413 el

143 429 265 495 privatas
298 445 389 493 omos,
405 431 488 481 etiam
498 433 605 498 regias,
620 430 734 483 elatere
745 437 866 482 structas
881 430 948 480 licet

142 496 250 548 videre:
274 503 302 549 et
315 498 433 564 primum
446 497 562 550 Athenis
580 514 699 562 murum,
718 499 765 566 qui
779 503 889 564 spectat
912 496 946 547 ad

142 563 307 630 Hymettum
320 571 442 616 montem
457 572 486 617 et
499 565 706 617 Pentelensem:
726 567 792 616 item
808 563 901 615 Patris
919 566 947 613 in

143 630 213 681 aede
224 631 298 683 lovis
310 638 339 682 et
347 632 480 684 Herculis
490 632 627 685 lateritiae
639 633 738 696 cellas,
749 648 812 684 cum
824 633 899 683 circa
909 631 946 681 la-

142 698 225 764 pidea
234 700 263 749 in
269 699 338 750 aede
348 701 481 767 epistylia
489 701 545 751 sint
555 707 583 752 et
591 701 749 752 columnae:
760 701 789 750 in
798 699 946 750 ltaliaAre-

142 765 175 814 tii
191 773 331 817 vetustum
350 769 464 835 egregie
481 768 586 819 factum
599 783 718 819 murum:
738 767 879 818 Trallibus
898 766 946 816 do·

141 848 215 882 mum
228 848 259 883 re
282 834 342 885 'bus
355 835 483 886 Attalicis
496 834 612 898 factam,
632 851 702 901 quae
716 835 752 886 ad
766 833 945 884 habitandum

66 943 68 949 .
142 914 251 967 semper
279 908 341 953 atur
349 903 385 965 ei,
395 903 442 968 qui
451 903 572 954 civitatis
583 903 657 970 gerit
666 902 866 954 sacerdotium:
877 902 944 951 item

141 966 354 1019 Lacedaemone
364 983 379 1019 e
389 969 553 1035 quibusdam
563 970 716 1036 parietibus
728 971 810 1021 etiam
820 969 945 1035 picturae

142 1035 263 1098 excisae,
273 1036 433 1088 intersertis
443 1037 587 1100 lateribus,
598 1036 722 1088 inclusae
733 1038 834 1087 suntin
844 1036 946 1102 ligneis

140 1101 251 1164 formis,
267 1109 295 1155 et
303 1104 332 1153 in
343 1105 486 1155 comitium
496 1105 532 1155 ad
543 1111 670 1156 ornatum
681 1104 833 1155 aedilitatis
843 1103 945 1154 Varro-

141 1170 183 1220 nis
194 1176 223 1221 et
231 1171 383 1222 Muraenae
394 1172 507 1223 fuerunt
517 1171 628 1223 allatae.
665 1174 704 1223 10.
724 1172 823 1222 Croesi
837 1170 945 1232 domus,

141 1252 222 1302 quam
244 1237 374 1289 Sardiani
394 1240 500 1290 civibus
526 1239 561 1289 ad
585 1238 815 1306 requiescendum
843 1238 945 1288 aetatis

142 1304 200 1354 otio
212 1306 353 1356 seniorum
364 1307 487 1373 collegio
499 1306 645 1358 Gerusiam
657 1306 867 1368 dedicaverunt,
877 1304 944 1355 item

139 1369 334 1423 Halicarnassi
348 1375 538 1438 potentissimi
547 1390 578 1426 re
602 1376 624 1426 's
634 1374 757 1425 Mausoli
774 1374 871 1423 domus
883 1386 943 1423 cum

140 1437 331 1490 Proconnesia
340 1456 477 1492 marmore
488 1442 580 1493 omnia
604 1442 701 1493 aberet
709 1439 944 1506 ornata,parietes

140 1504 224 1557 habet
237 1507 325 1558 latere
339 1515 475 1572 structos,
495 1511 543 1576 qui
555 1510 591 1560 ad
605 1507 659 1561 lroc
675 1515 783 1575 tempus
801 1507 943 1575 ogregiam

139 1580 282 1638 praestant
292 1575 463 1639 firmitatem,
477 1578 518 1628 ita
527 1578 654 1628 tectoriis
671 1576 801 1642 operibus
816 1574 943 1640 expoliti,

139 1646 170 1690 ut
185 1641 248 1691 vitri
261 1643 486 1708 perluciditatem
499 1645 646 1695 videantur
660 1643 773 1695 habere.
808 1641 906 1707 Neque
917 1642 942 1690 is

139 1703 189 1759 'rex
199 1709 233 1759 ab
243 1710 339 1777 inopia
347 1711 377 1761 id
387 1711 467 1776 iecit;
481 1713 597 1763 infinitis
606 1713 678 1763 enim
688 1710 872 1778 vectigalibus
884 1716 944 1758 erat

138 1773 240 1840 fartus,
252 1778 327 1843 quod
336 1779 491 1844 imperabat
501 1779 599 1830 Cariae
610 1780 672 1831 toti.
709 1781 749 1830 ll.
766 1780 887 1829 Acumen
898 1791 943 1825 au·

138 1850 194 1894 tem
208 1846 268 1895 eius
284 1852 312 1896 et
325 1846 469 1898 solertiam
484 1847 520 1897 ad
532 1847 661 1899 aedilicia
678 1846 802 1913 paranda
818 1844 859 1895 sic
876 1842 944 1893 licet

139 1913 326 1964 considerare.
363 1913 430 1964 Cum
445 1920 521 1966 esset
535 1915 607 1965 enim
621 1920 702 1965 natus
712 1913 831 1980 Mylasis
847 1917 875 1962 et
886 1910 942 1960 ani·

138 1979 333 2033 madvertisset
351 1982 544 2033 Halicarnassi
562 1982 654 2033 locum
673 1980 838 2031 naturaliter
855 1978 942 2028 muni-

138 2052 193 2096 tum
209 2050 416 2116 emporiumque
430 2049 574 2112 idoneum,
587 2057 697 2116 portum
710 2046 820 2109 utilem,
834 2045 874 2095 ibi
888 2044 943 2096 sibi

137 2113 248 2165 domum
262 2118 415 2168 constituit.
451 2117 478 2167 ls
489 2127 580 2168 autem
591 2117 670 2168 locus
681 2122 725 2167 est
734 2112 836 2166 theatri
846 2126 941 2163 curva-

137 2189 215 2231 turae
233 2182 342 2234 similis.
378 2183 474 2250 ltaque
492 2185 521 2235 in
534 2185 591 2235 imo
606 2184 757 2235 secundum
770 2186 881 2248 portum
898 2177 941 2228 fo-

136 2262 196 2297 rum
211 2256 255 2300 est
269 2251 462 2315 constitutum3
485 2266 535 2317 per
548 2252 667 2303 mediam
679 2256 770 2301 autem
786 2245 941 2298 altitudinis

137 2323 311 2367 curvaturam
325 2319 616 2385 praecinctionemque
629 2319 723 2384 platea
741 2314 831 2382 ampla
848 2314 941 2364 latitu-

137 2381 200 2433 dine
211 2384 296 2446 iacta,
305 2385 333 2435 in
344 2400 399 2451 qua
408 2386 500 2437 media
508 2386 684 2438 Mausoleum
692 2386 733 2436 ita
743 2382 864 2452 egregiis
876 2394 941 2446 ope·

137 2449 212 2502 ribus
224 2451 391 2517 estfactum
401 2454 468 2503 utin
478 2460 584 2520 septem
595 2452 764 2520 spectaculis
773 2450 940 2502 nominetur.

136 2515 166 2565 ln
180 2535 286 2572 summa
302 2535 365 2572 arce
380 2521 472 2571 media
484 2521 583 2571 Martis
595 2521 689 2570 fanum
703 2517 808 2570 habens
822 2524 941 2570 statuam

129 2584 300 2639 colossicam
312 2584 459 2657 dapsiliter
470 2587 558 2639 nobili
569 2603 650 2638 manu
661 2586 815 2637 Leocharis
829 2585 940 2635 factam.

116 2648 203 2703 Hanc
217 2663 315 2710 autem
330 2667 461 2714 statuam
476 2657 526 2710 alii
538 2653 686 2709 Timotliei
697 2659 800 2720 putant
810 2666 902 2727 esse.u
911 2650 947 2698 ln

104 2729 199 2773 cornu
219 2734 322 2782 autem
342 2746 463 2786 summo
480 2723 723 2784 dextroVenerls
736 2712 961 2770 reuersurum·
