2054 3090
345 261 469 316 Lrssuu
486 264 506 316 1.
535 264 618 316 CAP.
645 264 697 318 Vl.
888 267 923 321 28

113 377 189 414 ream
203 363 338 430 perfecit,
354 379 382 417 et
393 367 508 432 insuper
518 367 662 417 Tritonem
678 383 790 420 aereum
801 369 922 421 colloca·

114 431 166 492 vit,
177 429 279 482 dextra
289 447 372 483 manu
383 433 488 500 virgam
498 435 700 500 porrigentem:
720 443 749 486 et
762 436 803 486 ita
813 443 857 486 est
866 452 922 487 ma-

113 495 252 560 chinatus,
263 500 304 549 uti
315 506 398 551 vento
410 501 655 568 circumageretur,
667 509 695 553 et
705 517 814 568 semper
824 510 922 554 contra

112 563 208 615 flatum
222 567 403 629 consisteret,
418 583 557 635 supraque
571 569 721 635 imaginem
736 569 828 620 flantis
843 572 919 622 venti

112 631 233 682 indicem
254 633 362 700 virgam
382 640 500 685 teneret.
536 635 561 686 5.
583 635 680 702 ltaque
698 644 762 687 sunt
785 636 920 687 collocati

111 699 185 749 inter
199 698 332 752 Seianum
346 708 375 751 et
383 701 513 752 Austrum
524 702 558 752 ab
570 703 678 753 oriente
689 701 805 755 hiberno
817 704 917 768 Eurus,

110 766 319 817 interAustrum
328 768 512 819 etFavonium
524 769 557 818 ab
568 770 714 820 occidente
724 768 918 821 hibernonfri-

111 848 170 895 cus,
179 833 255 884 inter
263 834 417 885 Favonium
427 842 456 886 et
466 835 690 901 Septentrionem
697 838 811 899 Caurus,
824 841 918 904 (quem

109 899 918 970 pluresvocantCorum)interSeptentrionemetSolanum

109 966 221 1032 Aquilo.
239 968 304 1019 Hoc
312 969 396 1020 modo
404 969 515 1020 ridetur
525 985 588 1020 esse
599 972 817 1036 expressum‚uti
827 972 917 1037 capia-

110 1039 156 1084 tur
169 1049 301 1086 numerus
315 1042 345 1087 st
357 1037 471 1086 nomina
484 1043 513 1087 et
523 1044 630 1104 partes,
645 1038 717 1087 unde
729 1038 810 1088 flatus
821 1045 917 1088 vento-

110 1115 171 1151 rum
182 1103 253 1152 certi
263 1103 378 1168 spirent.
416 1103 498 1164 Quod
509 1119 570 1154 eum
579 1105 621 1153 ita
630 1105 805 1169 exploratum
815 1103 916 1154 babea-

109 1175 168 1229 tur,
182 1174 215 1218 ut
226 1169 402 1221 inveniantur
415 1172 548 1237 regiones
563 1177 677 1221 ctortus
689 1185 797 1232 eorum,
813 1171 854 1220 sic
864 1173 917 1221 erit

110 1235 344 1288 ratiocinandum.
359 1236 383 1288 6.
391 1236 722 1288 colloceturadlibellam
730 1252 914 1288 marmoreum

110 1302 264 1354 amussium
274 1303 374 1355 mediis
384 1305 544 1368 moenibus,
559 1310 607 1355 aut
617 1304 696 1356 locus
706 1305 747 1355 ita
759 1304 918 1372 expoliatur

114 1372 281 1440 adregulam
290 1381 318 1425 et
325 1373 496 1434 libellam,ut
504 1373 654 1424 amussium
663 1390 717 1424 non
729 1375 915 1425 desideretur:

114 1439 916 1506 supraqueeiuslocicentrummediumcolloceturaeueus

112 1517 248 1568 gnomon,
258 1504 408 1572 indagator
419 1505 544 1569 umbrae,
556 1508 602 1573 qui
614 1520 714 1572 graece
726 1501 870 1570 nicaenique
878 1506 918 1555 di-

112 1571 193 1622 citur.
212 1571 304 1622 Huius
315 1572 560 1624 antemeridianam
572 1573 684 1624 circiter
693 1572 789 1623 horam
796 1574 917 1639 quintam

112 1637 247 1689 sumenda
260 1645 304 1690 cst
316 1646 442 1690 extrema
455 1641 603 1707 gnomonis
617 1641 713 1691 umbra
727 1647 755 1691 et
767 1646 871 1706 puncto
883 1641 918 1690 si·

112 1704 234 1770 gnanda=
246 1705 346 1758 deinde
357 1707 462 1757 circino
474 1707 588 1759 diducto
600 1708 635 1758 ad
643 1706 863 1773 punctum,quod
876 1715 919 1756 est

111 1773 259 1838 gnomonis
277 1773 391 1825 umbrae
408 1775 592 1854 longitudinis
606 1776 728 1842 signum,
748 1788 887 1839 excoque
903 1789 919 1822 a

111 1846 208 1891 centro
222 1840 437 1908 circumagenda
449 1841 524 1893 linea
541 1843 756 1893 rotundationis.
793 1841 917 1906 itemque

112 1905 287 1959 observanda
298 1909 518 1973 postmeridiana
531 1910 612 1960 istius
624 1909 772 1976 gnomonis
787 1922 916 1957 crescens

110 1975 220 2037 umbra,
232 1981 260 2025 et
270 1991 331 2025 cum
341 1977 469 2042 tetigerit
480 1977 670 2027 circinationis
682 1976 792 2035 lineam,
805 1980 833 2023 et
843 1972 917 2023 fece-

109 2042 147 2092 rit
163 2057 259 2108 parem
276 2043 511 2094 antemeridianae
529 2044 642 2093 umbrae
660 2040 916 2107 postmeridianam,

110 2109 248 2176 signanda
260 2117 371 2175 puncto.
394 2110 418 2161 7.
429 2110 472 2160 Ex
481 2108 524 2160 bis
536 2111 643 2160 duobus
652 2109 740 2175 signis
752 2108 857 2159 circino
870 2107 916 2157 de·

110 2178 242 2228 cussatim
254 2177 476 2239 describendum,
488 2183 516 2228 et
525 2192 576 2243 per
586 2175 810 2227 decussationem
822 2182 851 2226 et
860 2189 915 2225 me-

109 2244 184 2294 dium
195 2251 319 2301 centrum
330 2245 405 2295 linea
414 2244 594 2310 perducenda
602 2244 638 2294 ad
649 2249 815 2305 extremum,
828 2249 858 2293 ut
868 2241 914 2292 ha·

108 2311 209 2362 beatur
218 2311 373 2362 meridiana
383 2320 412 2362 et
422 2312 649 2377 septentrionalis
660 2311 749 2377 regio.
778 2312 857 2360 Tunc
866 2325 915 2375 po-

110 2385 171 2430 stea
186 2378 320 2430 sumenda
334 2385 377 2430 est
391 2385 471 2429 sexta
484 2379 593 2429 decima
603 2390 666 2442 pars
677 2378 869 2428 circinationis
884 2377 914 2426 Ιί-

109 2461 179 2496 neae
186 2447 272 2497 totius
277 2446 493 2508 rotundationis,
500 2453 678 2511 centrumque
688 2444 881 2495 collocandum
886 2445 912 2493 in

107 2514 261 2564 irreridiaua
269 2513 354 2575 linea,
364 2529 419 2581 qua
430 2514 521 2581 tangit
533 2514 753 2572 circinationem,
764 2519 792 2560 et
804 2512 913 2578 signan-

107 2580 171 2631 dum
183 2581 282 2632 dextra
289 2596 322 2631 ac
329 2581 443 2631 sinistra
452 2581 481 2630 in
492 2581 718 2639 circinationem
727 2578 914 2629 meridianaet

107 2648 321 2714 septentrionali
331 2655 419 2714 parte.
442 2649 521 2699 Tunc
532 2662 565 2698 ex
578 2648 666 2714 signis
677 2644 719 2695 bis
731 2653 850 2711 quatuor
864 2661 913 2720 per

109 2725 234 2767 centrum
255 2715 376 2766 medium
393 2715 562 2767 decussatim
583 2715 675 2764 lineae
690 2714 723 2763 ab
735 2715 867 2764 extremis
878 2723 911 2762 au

107 2788 246 2834 extremas
257 2783 454 2835 circinationes
460 2781 668 2852 perducendae.
681 2780 725 2835 ita
733 2783 826 2835 austri
834 2787 865 2833 et
873 2795 917 2833 sc·
