2054 3090
301 200 425 257 LIBER
441 204 476 256 X.
490 202 588 257 'CAR
607 205 690 258 vni.
856 205 907 257 ²²¹!

108 324 196 378 aquae
215 313 292 370 motu
309 322 407 370 rocos,
427 316 510 375 atquo
529 307 672 375 engibata,
692 322 763 375 quae
782 308 907 360 bibentia

108 377 221 459 tandem
238 379 350 428 movent
368 374 472 456 sigilla,
492 381 640 442 ceteraque
659 389 730 442 quae
743 375 907 458 delectatio-

110 445 190 497 nibus
205 442 349 515 oculorum
363 448 392 492 et
404 456 511 494 aunum
523 459 576 494 usu
591 455 689 493 sensus
704 442 906 494 oblandiuntur.

108 511 134 594 ⁵:
150 511 174 562 E
188 511 288 592 quibus
301 524 371 591 quae
381 511 498 591 maxime
508 509 589 591 utilia
598 511 908 590 otueoessariaoiudioa-

108 575 823 714 :tq3iititttitziiilltttltititi
833 575 909 710 ,itt

109 714 146 765 vi.
182 713 312 779 Reliqua,
329 725 400 779 quae
412 726 469 764 non
482 716 547 761 sunt
561 711 596 762 ad
608 712 806 763 necessitatem
815 712 865 762 sed
875 711 910 761 ad

111 780 273 861 deliqiarum
291 779 477 860 voluptatem,
502 780 552 859 qui
568 777 830 861 cupidiorosoerunt
849 781 909 829 eius

110 847 282 928 subtilitatis,
294 861 329 898 ex
337 862 425 913 1ps1us
438 845 555 897 Ctesrbu
564 851 769 898 comentatus
779 851 910 914 poterunt

113 926 247 966 invemrtt.

397 1011 529 1074 caPuT
548 1012 631 1065 vlit

426 1077 504 1136 (vulgo
514 1077 595 1134 xm.)

301 1152 346 1206 De
364 1151 561 1222 hydraulicis
580 1153 727 1220 (organis).

161 1257 204 1307 De
220 1253 390 1322 hydraulicis
405 1260 498 1306 autem
513 1269 581 1322 quas
591 1253 712 1306 habeant
721 1257 910 1307 ratiocinatio-

112 1341 171 1387 nes,
179 1324 430 1392 quambrevissimo
438 1324 617 1390 proximeque
626 1323 765 1390 attingere
773 1330 871 1391 potero
883 1330 911 1374 et

112 1394 249 1459 scriptura
259 1392 401 1458 consequi,
412 1405 468 1440 non
478 1392 705 1457 praetermittam.
740 1389 784 1442 De
795 1393 912 1443 materia

112 1463 256 1527 compacta
268 1459 341 1521 basi,
355 1471 421 1509 arca
433 1459 463 1509 in
476 1471 511 1509 ea
523 1471 559 1508 ex
567 1472 633 1508 aere
643 1457 780 1511 fabricato
790 1459 910 1511 colloca-

110 1534 167 1578 tur:
178 1541 261 1594 supra
270 1527 359 1578 basim
368 1527 513 1592 eriguntur
522 1526 636 1592 regulae
647 1526 747 1578 dextra
756 1542 789 1578 ac
798 1529 912 1580 sinistra

111 1595 212 1645 scalari
230 1592 321 1646 forma
339 1598 512 1661 compactae,
532 1594 631 1660 quibus
644 1594 823 1646 includuntur
835 1597 912 1645 aerei

111 1661 240 1723 modioli,
258 1659 382 1714 fundulis
398 1660 604 1713 ambulatilibus
622 1675 657 1711 ex
672 1668 755 1713 torno
770 1664 911 1714 subtiliter

112 1730 234 1780 subactis
248 1726 413 1780 habentibus
427 1727 498 1779 fixos
511 1729 540 1779 in
553 1728 645 1779 medio
659 1727 768 1779 ferreos
779 1744 910 1792 ancones,

111 1803 140 1846 et
147 1795 290 1849 verticulis
301 1811 363 1847 cum
374 1794 498 1846 vectibus
509 1797 681 1857 coniunctos,
690 1795 864 1864 pellibusque
872 1797 910 1846 la-

110 1864 184 1914 natis
194 1862 345 1923 involutos,
355 1864 423 1913 item
432 1862 461 1912 in
472 1876 578 1912 summa
586 1861 702 1927 planitia
711 1862 849 1914 foramina
859 1866 909 1915 cir-

112 1933 183 1982 citer
202 1929 353 1996 digitorum
370 1934 490 1992 ternum3
509 1930 608 1995 quibus
623 1928 804 1981 foraminibus
818 1935 909 1997 proxi-

111 2012 153 2048 me
161 1998 190 2047 in
197 1996 339 2047 verticulis
347 1995 480 2047 collocati
486 1997 562 2047 aerei
573 1995 618 2047 del
638 1995 696 2048 hini
705 1999 855 2064 pendentia
864 1997 910 2049 ha-

110 2066 314 2119 bentecatenis
323 2062 573 2130 cymbaliacxacre
581 2066 610 2114 in
639 2063 909 2119 aioraminamodio-

111 2135 201 2184 lorum
211 2130 328 2182 obelata
346 2133 370 2182 a.
381 2129 457 2181 intra
465 2145 566 2193 arcam,
577 2146 632 2197 quo
642 2130 700 2183 loci
711 2146 781 2198 aqua
791 2135 908 2184 sustine-

110 2209 168 2262 tur,
183 2200 257 2250 incst
288 2202 317 2250 ni
337 2213 386 2250 cua
399 2199 440 2249 uti
449 2195 653 2250 infundibulum
660 2201 814 2262 inversum,
829 2216 910 2268 quom

110 2213 361 2321 subtertaxiiliadti
369 2266 515 2318 circiterdi
538 2267 908 2334 'torumtornumsuppositi‚

110 2337 214 2388 librant
224 2336 342 2402 spatium
351 2335 435 2385 imum
445 2330 514 2402 [ima
531 2335 605 2384 iuter
614 2333 693 2387 labra
703 2336 820 2402 pnigeos
832 2341 908 2386 etun

111 2419 160 2456 cae
170 2401 293 2454 fundum.
315 2401 404 2470 Supra
413 2408 505 2453 autem
515 2401 681 2453 cerviculam
692 2403 752 2453 eius
764 2417 909 2470 coagmen·

109 2476 169 2523 tata
188 2470 283 2523 arcula
302 2470 421 2521 sustinet
439 2474 522 2536 caput
538 2466 695 2532 machinae,
716 2485 787 2539 quac
807 2484 908 2538 graece

110 2535 192 2587 κανών
200 2532 323 2604 μουσικός
332 2536 498 2657 appellatur:
515 2538 544 2588 in
555 2536 633 2587 cuius
644 2537 692 2587 lon
714 2538 818 2589 'tudine
830 2553 908 2588 cana-

109 2603 343 2670 les,sitetrachor
364 2606 696 2670 osast,suntquotuor,si
725 2603 908 2668 exachordos‚

110 2687 168 2736 sex,
179 2675 204 2725 ai
216 2671 413 2736 octochordos,
425 2676 499 2724 octo.
529 2671 553 2724 3.
570 2671 694 2740 Singulis
705 2680 798 2724 autem
807 2674 909 2725 canali-

109 2741 160 2795 bus
170 2742 280 2811 singula
287 2741 513 2812 epistomiasunt,
520 2739 628 2794 inclusa
636 2741 786 2863 mprpubriia
798 2739 908 2806 ferreis,
