2054 3090
336 164 464 229 urana
480 164 515 216 a
544 141 630 217 cnr.
649 145 672 216 r.
859 165 908 217 nra
959 135 960 139 ‘

107 266 199 332 ritale,
207 266 281 335 quod
291 267 364 334 apud
375 282 425 319 eos
434 263 604 332 πνευματικὸν
614 267 780 336 appellatur:
795 269 909 320 tertium

107 337 282 400 tractorium3
293 334 807 402 idautemtiraecissapoitsovvocitant.
826 335 909 388 Scan-

109 405 202 458 soriae
217 411 308 454 autem
319 402 463 454 machinae
475 405 516 453 ita
525 401 638 454 fuerunt
648 404 818 466 collocatae,
832 411 864 455 ut
874 405 909 455 ad

108 471 283 525 altitudinem
294 472 378 539 tignis
390 473 501 522 statutis
512 481 541 525 ct
549 472 758 523 transversariis
770 473 909 539 colligatis

108 542 170 592 sine
185 538 310 606 periculo
326 539 475 589 scandatur
489 540 524 590 ad
538 546 685 606 apparatus
697 540 909 606 spectationem:

108 614 140 659 ut
149 607 298 673 spiritales,
305 623 366 657 cum
376 607 489 673 spiritus
500 607 725 673 expressionibus
736 608 869 675 impulsus
883 614 912 658 et

108 676 208 744 plagae
220 689 358 741 vocesque
369 670 508 739 ‹ipynvsnoic
518 675 716 741 exprimuntur.
752 677 776 726 2.
796 677 911 726 Tracto·

108 744 180 794 rium
194 756 274 805 vero,
289 758 350 794 cum
367 757 453 792 onera
466 741 601 793 machinis
611 741 808 808 pertrabuntur
819 751 867 794 aut
877 745 912 794 ad

110 809 285 861 altitudinem
307 809 417 860 sublata
440 809 622 861 collocantur.
668 809 818 862 Scansoria
838 813 910 862 ratio

109 894 166 929 non
177 882 236 928 arte
247 877 297 928 sed
307 877 424 929 audacia
453 877 584 928 loriatur:
606 893 639 928 ea
649 878 872 930 catenationibus
884 887 912 930 et

111 945 335 1014 [transversariis
351 943 398 1012 et]
419 893 509 1011 pieriis
525 945 751 1012 colligationibus
763 952 791 997 et
801 947 912 997 erisma-

108 1023 201 1066 torum
211 1011 323 1063 fulturis
334 1013 498 1064 continetur.
535 1013 613 1074 Quae
631 1019 722 1064 autem
738 1015 850 1080 spiritus
865 1030 912 1082 po-

105 1081 212 1133 testate
224 1081 340 1131 assumit
349 1081 505 1148 ingressus‚
521 1080 665 1148 elegantes
676 1082 743 1131 artis
754 1081 912 1133 subtilitati·
965 1109 967 1113 ν

110 1151 162 1200 bus
178 1149 359 1214 consequitur
370 1146 496 1198 effectus.
532 1149 680 1199 Tractoria
689 1156 781 1199 autem
791 1150 912 1201 maiores

111 1223 141 1268 et
153 1215 361 1283 magnificentia
373 1215 469 1282 plenas
483 1213 567 1267 habet
577 1215 612 1265 ad
622 1216 771 1267 utilitatem
782 1224 912 1284 opportu-

112 1286 213 1336 nitates
229 1283 294 1333 etin
305 1283 414 1350 agendo
429 1298 491 1333 cum
499 1283 647 1352 prudentia
657 1299 776 1335 summas
786 1287 912 1337 virtutes.

111 1353 136 1404 3.
155 1352 197 1402 Ex
207 1349 249 1401 his
260 1357 324 1402 sunt
352 1366 404 1402 uae
414 1354 571 1415 μηχανικῶς,
586 1351 642 1402 alia
652 1346 792 1416 ὀργανικῶς
801 1368 912 1404 moven-

112 1429 164 1471 tur.
200 1419 342 1470 lntermae
361 1421 421 1469 inas
433 1425 462 1470 et
471 1434 577 1485 organa
586 1419 615 1470 id
624 1418 735 1470 videtur
744 1434 806 1471 csse
817 1421 913 1472 discri-

112 1503 187 1547 men,
207 1486 282 1553 quod
299 1485 442 1538 machinae
460 1487 585 1553 pluribus
605 1487 697 1554 operis
709 1493 756 1538 aut
771 1490 798 1539 vi
807 1489 913 1540 maiore

113 1562 250 1622 coguntur
257 1552 377 1606 ‘effectus
387 1552 499 1617 habere,
510 1555 551 1606 uti
560 1555 679 1606 balistae
688 1556 914 1608 torculariorum·

113 1639 166 1691 que
180 1623 266 1688 prela.
303 1623 416 1690 Organa
429 1624 609 1675 autemunius
622 1639 724 1690 operae
734 1625 865 1691 prudenti
874 1632 914 1675 ta-

113 1698 159 1743 ctu
169 1691 315 1756 perficiunt
323 1691 397 1758 quod
405 1691 577 1756 propositum
588 1698 639 1753 cst,
645 1693 685 1742 uti
697 1693 853 1758 scorpionis
864 1707 914 1742 seu

113 1759 337 1823 anisocyclorum
351 1759 532 1809 versationes.
568 1759 644 1826 Ergo
660 1766 689 1809 et
705 1775 810 1826 organa
820 1767 913 1810 etma-

113 1825 255 1876 chinarum
265 1826 337 1876 ratio
349 1825 384 1876 ad
395 1840 474 1875 usum
485 1831 549 1876 sunt
558 1826 732 1887 necessaria,
744 1828 804 1876 sine
815 1828 913 1894 quibus

112 1893 243 1943 nullares
253 1898 419 1958 potestesse
430 1893 635 1959 nonimpedita.
671 1893 696 1944 4.
716 1893 811 1944 Omnis
822 1901 914 1945 autern

114 1957 281 2011 nracbinatio
294 1966 337 2010 est
347 1975 364 2009 a
373 1974 465 2010 rerum
476 1966 575 2011 natura
585 1966 732 2026 procreata
742 1976 774 2011 ac
785 1977 915 2027 praecep·

115 2028 184 2079 trice
200 2033 228 2077 et
241 2027 376 2144 mapistra
389 2027 483 2079 mundi
493 2029 652 2079 versatione
662 2028 798 2079 instituta.
833 2028 914 2079 Nam·

115 2111 168 2163 que
189 2094 280 2145 anima
300 2100 438 2145 vertamus
457 2095 573 2161 primum
593 2102 622 2147 et
640 2096 807 2162 aspiciamus
828 2098 914 2147 conti-

114 2170 225 2215 nentem
236 2161 323 2225 Solis,
334 2161 443 2223 Lunae,
457 2163 576 2229 quinque
587 2163 671 2214 etiam
682 2164 826 2216 stellarum
838 2172 914 2215 natu·

113 2248 185 2294 ram,
202 2245 272 2298 quae
287 2231 314 2280 ni
330 2228 487 2281 machinata
501 2238 690 2294 versarentur,
706 2247 761 2282 non
772 2230 914 2282 habuisse-

112 2317 173 2351 mus
191 2298 407 2349 interdiulucem
416 2312 468 2348 nec
478 2296 618 2350 fructuum
628 2300 811 2350 maturitates.
848 2299 914 2349 Cum

112 2383 179 2435 ergo
190 2359 310 2417 nrmor'es
321 2363 389 2417 haec
399 2366 439 2417 ita
448 2381 510 2418 esse
521 2365 788 2430 animadvertissent,
799 2381 813 2417 e
823 2381 915 2417 rerum

113 2443 211 2487 natura
222 2442 397 2502 sumpserunt
407 2435 546 2501 exempla,
562 2442 590 2486 et
600 2450 634 2486 ea
642 2435 798 2497 imitantes,
808 2435 914 2486 inducti

113 2504 196 2555 rebus
211 2501 325 2564 (livinis,
341 2503 501 2554 commodas
516 2503 590 2554 vitae
605 2501 783 2571 perfecerunt
795 2501 915 2568 explica-

113 2573 214 2623 tiones.
234 2571 331 2637 ltaque
343 2577 580 2637 comparaverunt,
587 2577 618 2623 ut
627 2577 722 2622 essent
732 2570 915 2636 expeditiora,

115 2639 171 2690 alia
180 2637 314 2690 machinis
326 2645 354 2690 et
364 2655 458 2709 earum
470 2639 682 2702 versationibus,
691 2638 825 2689 nonnulla
836 2653 916 2705 orga-

115 2707 169 2759 nis:
185 2714 214 2759 et
226 2709 267 2758 ita
281 2712 351 2774 quae
367 2709 402 2758 ad
416 2725 495 2760 usum
505 2709 586 2761 utilia
596 2715 691 2760 essent
700 2704 800 2759 studiis
811 2706 916 2758 artibus
