2054 3090
341 215 468 268 LIBER
483 213 534 269 vl.
563 215 646 268 GAP.
665 215 686 269 l.
867 215 911 263 l2l

107 318 140 374 ln
152 331 296 371 sermone:
317 333 443 385 quaeque
463 318 677 385 progredientes
699 318 734 369 ad
748 318 913 383 septentrio·

108 401 173 439 nem
189 394 255 438 sunt
263 387 406 447 nationes,
427 386 502 452 quod
517 385 633 436 altiores
648 384 751 436 babent
765 385 913 436 distantias

109 453 294 514 edmundum,
306 454 419 519 spiritus
429 454 508 503 vocis
518 450 652 503 babentes
663 451 778 504 humore
785 451 913 517 repulsos

110 522 145 572 ad
163 519 282 588 hypatas
303 527 331 571 ct
345 520 658 586 proslambanomenon,
677 535 694 570 a
709 528 808 571 natura
820 533 912 569 rerum

109 589 204 639 sonitu
216 589 345 654 graviore
356 593 494 654 coguntur
503 588 557 637 uti:
568 588 666 638 eadem
675 589 784 637 ratione
796 586 911 636 emedio

108 655 324 722 progredientes
340 656 375 704 ad
392 654 537 705 meridiem
553 661 651 721 gentes
661 661 856 721 paranetarum
866 668 912 703 ne·
929 671 936 686 ·

110 729 257 788 tarumque
272 722 460 773 acutissimam
473 721 568 772 sonitu
577 723 655 773 vocis
665 723 814 788 perficiunt
825 722 912 772 tenui·

110 796 207 840 tatem.
243 790 267 839 8.
286 789 451 839 llocautem
462 803 556 839 verum
568 804 643 851 esse,
660 805 695 840 ex
705 789 824 840 humidis
835 795 912 839 natu·

110 871 159 907 rae
173 857 245 907 locis
260 858 390 923 graviora
400 857 461 906 lieri
471 862 501 907 et
510 870 545 907 ex
558 855 674 907 fervidis
691 857 829 916 acutiora,
846 856 913 906 licet

74 959 80 967 .
111 924 152 974 ita
167 923 336 990 experiendo
353 923 583 975 animadvertere.
619 923 729 975 Calices
746 925 800 975 duo
814 924 843 972 in
859 937 913 973 uua

109 989 226 1042 fornace
241 1005 328 1057 aeque
343 991 418 1041 cocti
428 1006 573 1057 aequoque
577 990 705 1107 pondere
716 991 751 1041 ad
766 990 912 1055 crepitum·

112 1071 166 1124 que
181 1073 237 1109 uno
251 1060 346 1109 sonitu
359 1065 513 1109 sumantur:
533 1073 568 1110 eii
596 1059 699 1109 isuuus
709 1059 738 1108 in
752 1072 851 1123 aquam
867 1056 912 1106 de-

111 1126 245 1188 mittatur,
255 1131 355 1192 postea
365 1141 400 1176 ex
410 1141 481 1192 aqua
491 1126 639 1176 eximatur:
659 1132 724 1176 tunc
734 1125 844 1190 utrique
854 1130 913 1173 tan-

112 1199 221 1260 gantur.
259 1194 326 1243 Cum
342 1194 414 1243 enini
429 1195 470 1242 ita
483 1192 587 1243 factum
599 1192 697 1254 fuerit,
712 1192 830 1258 largiter
839 1191 913 1241 inter

111 1275 162 1311 eos
170 1262 278 1313 sonitus
290 1261 380 1311 diacre
401 1260 467 1321 abit,
480 1269 625 1326 aequoque
635 1259 760 1326 pondere
769 1273 826 1308 non
835 1265 913 1324 pote-

110 1334 176 1378 runt
185 1344 257 1381 esse.
294 1328 335 1379 lta
345 1335 374 1378 et
382 1275 524 1378 Kominum
535 1342 655 1394 corpora
663 1342 718 1378 uno
731 1341 834 1395 genere
844 1327 912 1393 tigu-

111 1395 229 1446 rationis
240 1395 428 1447 etunaniuudi
437 1397 776 1463 coniunctioneconcepta
787 1396 842 1445 alia
851 1409 913 1461 pro-

112 1469 174 1529 pter
192 1465 317 1531 regionis
330 1463 458 1516 ardorem
472 1470 582 1515 acutum
595 1465 723 1528 spiritum
734 1464 807 1514 aeris
823 1464 913 1528 expri-

111 1536 190 1581 munt
201 1537 290 1592 tactu,
302 1531 358 1581 alia
375 1539 489 1599 propter
499 1530 622 1584 liumoris
641 1532 836 1583 abundantiam
852 1545 913 1598 gra-

111 1598 240 1648 vissimas
270 1597 415 1650 effundunt
442 1614 574 1650 sonorum
594 1601 760 1666 'qualitates
796 1598 820 1650 9.
844 1599 913 1648 ltem

110 1672 227 1732 propter
249 1666 414 1716 tenuitatem
438 1667 512 1717 coeli
533 1667 705 1717 meridianae
730 1667 858 1716 nationes
879 1681 914 1716 ex

111 1740 195 1784 acuto
211 1732 322 1782 fervore
339 1739 431 1783 mente
442 1733 599 1799 expeditius
616 1735 792 1799 celeriusque
801 1748 913 1783 moven-

109 1808 158 1852 tur
179 1798 214 1848 ad
233 1798 414 1849 consiliorum
438 1801 635 1867 cogitationes.
673 1800 913 1866 Septentrionales

111 1875 205 1918 autem
225 1870 338 1932 gentes,
358 1865 467 1917 infusae
486 1867 670 1918 crassitudine
689 1867 775 1928 coeli,
800 1873 914 1932 propter

112 1933 283 1986 obstantiam
294 1932 367 1983 atris
377 1930 492 1984 humore
502 1933 700 2001 refrigeratae,
712 1939 855 1999 stupentes
867 1932 913 1983 ha·

111 2002 181 2052 bent
194 2006 311 2050 mentes.
347 1999 410 2051 Hoc
424 2007 516 2051 autem
525 2002 566 2051 ita
576 2016 654 2064 esse,
669 2017 685 2050 a
695 2000 871 2067 serpentibus
882 1999 913 2049 li-

114 2075 160 2120 cet
175 2069 313 2134 aspicere,
329 2082 399 2134 quae
414 2083 464 2134 per
478 2069 599 2130 calorem
611 2084 672 2119 cuni
689 2066 851 2120 exhaustam
867 2065 913 2117 ha·

113 2137 180 2187 beut
199 2134 323 2186 humoris
343 2134 599 2202 refrigerationem,
620 2143 686 2186 tunc
703 2135 837 2186 acerrime
856 2150 913 2185 mo-

113 2210 225 2267 ventur3
246 2217 295 2269 per
304 2202 442 2253 brumalia
451 2209 543 2254 autem
554 2210 583 2255 et
593 2201 709 2254 hiberna
721 2209 848 2270 tempora
857 2219 913 2253 mu-

112 2272 221 2322 tatione
241 2270 315 2320 coeli
333 2269 532 2337 refrigeratae,
555 2271 687 2322 immotae
706 2277 771 2322 sunt
790 2277 913 2337 stupore.

114 2338 157 2389 lta
167 2354 222 2389 non
233 2344 277 2388 est
286 2338 452 2400 mirandum,
467 2339 491 2388 si
502 2339 641 2390 acutiores
651 2339 736 2390 efficit
746 2338 851 2388 calidus
867 2340 915 2387 aei·

114 2403 256 2456 homiuum
267 2414 386 2467 mentes,
402 2405 585 2472 refrigeratus
594 2412 687 2456 autem
699 2412 797 2457 contra
811 2404 914 2456 tardio-

114 2487 169 2523 rcs.
206 2475 246 2522 10.
267 2473 334 2523 Cum
348 2474 403 2523 sint
417 2479 510 2524 autem
525 2474 694 2524 meridianae
711 2474 839 2523 nationes
859 2472 915 2521 ani-

114 2541 167 2590 mis
182 2546 352 2591 acutissimis
366 2541 529 2607 infinitaque
540 2541 657 2591 solertia
670 2539 864 2600 consiliorum,
880 2539 915 2588 si-

115 2605 173 2656 mul
181 2614 212 2657 ut
222 2607 256 2656 ad
265 2606 457 2658 fortitudinem
467 2609 494 2656 in
498 2609 669 2675 grediuntur‚
674 2608 714 2657 ibi
722 2605 915 2668 succumbunt3

116 2673 191 2740 quod
212 2673 315 2724 babent
337 2682 450 2725 exustas
475 2675 509 2725 ab
533 2677 594 2726 sole
619 2675 772 2724 animorum
788 2673 915 2724 virtutes.

116 2741 170 2802 Qui
187 2756 252 2791 vero
269 2740 444 2808 refrigeratis
461 2750 611 2794 nascuntur
630 2741 807 2809 regionibus,
826 2741 859 2791 ad
875 2754 915 2790 ai·-
