2054 3090
112 209 145 260 54
288 235 289 238 ¹
310 211 365 262 DE
392 211 726 284 chflrrncrunn

112 311 259 363 videantur
275 313 426 364 elocorum
440 314 658 381 proprietatibus
674 312 777 363 babere
788 308 856 362 vitia
869 312 919 362 aut

111 380 239 442 virtutes,
246 382 285 431 uti
296 382 352 432 sint
362 381 602 432 considerantibus
614 381 763 447 apertiora,
771 392 917 445 exponam.

417 481 552 532 cnPUT
578 482 613 533 X.

165 561 211 614 De
228 544 336 615 abiete
354 571 532 630 supernato
550 571 581 614 et
597 562 778 632 infernote
796 576 864 613 cnm

304 630 469 698 Apennini
486 629 720 697 descriptione.

161 713 267 764 Montis
276 715 412 780 Apennini
421 715 526 781 primae
537 714 647 765 radices
658 715 691 764 ab
702 711 850 780 Tyrrheno
860 725 917 762 ma-

112 780 136 829 ri
152 780 180 828 in
191 780 273 846 Alpes
289 788 317 832 et
327 783 355 831 in
365 789 503 833 extremas
513 781 665 832 Hetruriae
675 781 808 848 regiones
823 779 916 829 oriun-

112 852 170 896 tur:
195 848 255 897 eius
269 863 335 899 vero
351 849 453 900 montis
469 850 563 915 iugum
574 863 604 899 se
615 849 807 914 circumagens
818 852 847 896 et
860 860 917 895 me·

113 913 159 962 dia
181 922 329 965 curvatura
348 931 434 982 prope
457 922 575 983 tangens
595 929 659 966 oras
677 915 760 965 maris
780 913 917 964 Adriatici

112 982 246 1047 pertingit
264 983 474 1033 circuitionibus
486 981 704 1034 contrairetum.
740 981 837 1046 ltaque
848 980 916 1031 cite-

112 1048 172 1097 rior
187 1049 253 1098 eius
263 1059 423 1112 curvatura,
438 1065 509 1116 quae
523 1050 616 1116 vergit
630 1049 665 1100 ad
675 1048 826 1099 lletruriae
837 1046 915 1096 Cam-

112 1115 267 1181 paniaeque
282 1131 313 1166 re
336 1117 428 1179 ones,
445 1118 546 1184 apricis
558 1123 601 1168 est
615 1115 817 1182 potestatibus:
841 1129 916 1164 nam-

51 1190 54 1195 ·
113 1196 165 1248 que
180 1185 301 1248 impetus
335 1184 400 1234 abet
414 1190 565 1251 perpetuos
582 1184 618 1234 ad
627 1183 697 1234 solis
714 1197 834 1233 cursum.
869 1181 916 1231 Ul·

112 1250 200 1300 terior
210 1256 316 1312 autem,
333 1258 458 1317 quaeest
472 1252 628 1317 proclinata
637 1251 672 1302 ad
687 1264 816 1316 superum
829 1263 916 1309 mare,

113 1317 326 1381 septentrionali
335 1320 446 1384 regioni
453 1319 592 1380 subiecta,
606 1318 766 1368 continetur
778 1315 918 1367 umbrosis

113 1389 142 1432 et
157 1385 251 1448 opacis
266 1385 508 1450 perpetuitatibus.
543 1386 640 1451 ltaque
656 1398 726 1451 quae
743 1384 772 1434 in
789 1397 823 1433 ea
836 1388 916 1447 parte

113 1455 263 1500 nascuntur
278 1451 407 1513 arbores,
425 1451 537 1502 humida
550 1457 691 1518 potestate
705 1450 841 1511 nutritae,
861 1464 917 1498 non

113 1517 204 1566 solum
222 1517 301 1583 ipsae
320 1526 456 1584 augentur
473 1520 651 1586 amplissimis
668 1516 917 1586 magnitudinibus,

113 1583 163 1633 sed
183 1599 277 1634 earum
297 1600 407 1652 quoque
425 1602 513 1638 venae
535 1585 659 1637 humoris
680 1587 763 1651 copia
781 1583 917 1650 repletae,

113 1657 256 1717 turgentes
267 1652 385 1719 liquoris
396 1653 573 1716 abundantia,
585 1659 752 1704 saturantur.
789 1651 857 1700 Cum
869 1665 915 1699 au-

112 1724 168 1768 tem
188 1720 300 1771 excisae
319 1727 347 1770 et
365 1720 476 1772 dolatae
496 1721 609 1772 vitalem
628 1726 797 1786 potestatem
816 1718 916 1768 amise-

111 1786 179 1847 rint,
193 1801 324 1838 venarum
340 1788 435 1853 rigore
449 1793 642 1854 permanente,
658 1784 838 1838 siccescendo
853 1799 917 1850 pro-

111 1859 172 1918 pter
186 1854 329 1905 raritatem
345 1854 414 1905 ilunt
427 1856 524 1906 inanes
542 1861 571 1905 et
587 1854 735 1915 evanidae,
751 1853 872 1917 ideoque
887 1851 915 1900 in

112 1921 247 1972 aedificiis
258 1937 313 1972 non
323 1929 442 1987 possunt
451 1920 553 1973 habere
560 1922 780 1972 diuturnitatem.
799 1920 823 1969 2.
837 1918 915 1979 Quae

112 1994 204 2038 autem
220 1988 254 2038 ad
269 1990 338 2040 solis
354 2004 462 2039 cursum
480 1989 669 2054 spectantibus
685 1987 756 2038 locis
767 1999 915 2053 procrean-

110 2061 170 2117 tur,
184 2071 240 2106 non
251 2053 386 2106 habentes
396 2057 613 2108 interveniorum
621 2055 768 2115 raritates,
783 2053 915 2104 siccitati·

110 2121 161 2171 bus
178 2127 295 2173 exuctae
312 2123 482 2186 solidantur,
499 2125 564 2190 quia
576 2123 621 2173 sol
637 2120 782 2172 nonmodo
794 2125 916 2170 exterra

111 2188 258 2239 lambendo
275 2190 326 2240 sed
345 2191 429 2240 etiam
446 2205 480 2242 ex
500 2190 646 2241 arboribus
664 2189 758 2239 educit
773 2185 913 2238 humores.

110 2254 206 2320 ltaque
221 2271 291 2373 (prae
304 2264 368 2307 sunt
381 2258 409 2307 in
424 2259 525 2323 apricis
541 2256 703 2324 regionibus
719 2255 818 2321 spissis
833 2269 916 2303 vena·

109 2336 169 2371 rum
180 2337 226 2373 cre
247 2323 376 2374 ritatibus
387 2325 534 2387 solidatae,
545 2339 599 2374 non
610 2322 744 2374 babentes
755 2337 791 2373 en
800 2320 916 2371 humore

109 2390 265 2453 raritatem,
287 2405 348 2441 cum
369 2392 398 2441 in
419 2393 562 2443 materiam
582 2391 775 2457 perdolentur,
796 2387 916 2439 reddunt

110 2473 224 2524 magnas
241 2458 381 2509 utilitates
400 2459 435 2509 ad
452 2464 627 2510 vetustatem.
663 2457 730 2508 ldeo
750 2454 915 2516 infernates,

110 2540 181 2590 quae
202 2541 238 2576 ex
259 2526 362 2592 apricis
382 2526 453 2577 locis
473 2531 668 2592 apportantur,
690 2523 821 2574 meliores
842 2528 915 2583 sunt,

110 2608 190 2660 quum
202 2608 272 2660 quae
284 2594 318 2643 ab
331 2594 426 2659 opacis
435 2595 468 2645 de
479 2592 673 2658 supernatibus
685 2589 867 2641 advehuntur.

160 2661 184 2712 3.
204 2663 343 2724 Quantum
359 2662 450 2712 animo
463 2660 642 2712 considerare
658 2659 751 2726 potui,
766 2657 801 2708 de
816 2656 916 2723 copiis,

111 2744 180 2793 qnae
192 2736 257 2779 sunt
267 2729 443 2779 necessariae
454 2729 482 2778 in
494 2726 684 2778 aedificiorum
701 2724 916 2790 comparationi-
