<?xml version="1.0" encoding="UTF-8"?>
<!DOCTYPE html PUBLIC "-//W3C//DTD XHTML 1.0 Transitional//EN"
    "http://www.w3.org/TR/xhtml1/DTD/xhtml1-transitional.dtd">
<html xmlns="http://www.w3.org/1999/xhtml" xml:lang="en" lang="en">
 <head>
  <title>
</title>
<meta http-equiv="Content-Type" content="text/html;charset=utf-8" />
  <meta name='ocr-system' content='tesseract 3.04.00' />
  <meta name='ocr-capabilities' content='ocr_page ocr_carea ocr_par ocr_line ocrx_word'/>
</head>
<body>
  <div class='ocr_page' id='page_1' title='image "./dearchitectural00pollgoog_0008.png"; bbox 0 0 2054 3090; ppageno 0'>
   <div class='ocr_carea' id='block_1_1' title="bbox 107 511 904 900">
    <p class='ocr_par' dir='ltr' id='par_1_1' title="bbox 107 511 904 900">
     <span class='ocr_line' id='line_1_1' title="bbox 193 511 823 582; baseline -0.011 0"><span class='ocrx_word' id='word_1_1' title='bbox 193 515 245 582; x_wconf 81' lang='lat' dir='ltr'><strong>m·</strong></span> <span class='ocrx_word' id='word_1_2' title='bbox 267 512 509 582; x_wconf 84' lang='lat' dir='ltr'><strong>vrrauvn</strong></span> <span class='ocrx_word' id='word_1_3' title='bbox 548 511 823 578; x_wconf 78' lang='lat' dir='ltr'><strong>roanronrs</strong></span> 
     </span>
     <span class='ocr_line' id='line_1_2' title="bbox 107 655 904 742; baseline -0.006 -1"><span class='ocrx_word' id='word_1_4' title='bbox 107 657 203 741; x_wconf 84' lang='lat' dir='ltr'><strong>DE</strong></span> <span class='ocrx_word' id='word_1_5' title='bbox 247 655 904 742; x_wconf 17' lang='lat' dir='ltr'><strong>*ARCHITECTURA</strong></span> 
     </span>
     <span class='ocr_line' id='line_1_3' title="bbox 297 832 717 900; baseline 0.002 -4"><span class='ocrx_word' id='word_1_6' title='bbox 297 832 466 898; x_wconf 77' lang='lat' dir='ltr'><strong>arana</strong></span> <span class='ocrx_word' id='word_1_7' title='bbox 499 832 717 900; x_wconf 79' lang='lat' dir='ltr'><strong>narnus,</strong></span> 
     </span>
    </p>
   </div>
   <div class='ocr_carea' id='block_1_2' title="bbox 262 1108 839 1218">
    <p class='ocr_par' dir='ltr' id='par_1_2' title="bbox 262 1108 839 1218">
     <span class='ocr_line' id='line_1_4' title="bbox 262 1108 839 1218; baseline 0 -36"><span class='ocrx_word' id='word_1_8' title='bbox 262 1108 839 1218; x_wconf 71' lang='lat' dir='ltr'><strong>enarrarre·</strong></span> 
     </span>
    </p>
   </div>
   <div class='ocr_carea' id='block_1_3' title="bbox 106 1223 911 1582">
    <p class='ocr_par' dir='ltr' id='par_1_3' title="bbox 106 1223 911 1582">
     <span class='ocr_line' id='line_1_5' title="bbox 106 1223 910 1324; baseline 0.002 -17"><span class='ocrx_word' id='word_1_9' title='bbox 106 1223 189 1310; x_wconf 79' lang='lat' dir='ltr'><strong>Cum</strong></span> <span class='ocrx_word' id='word_1_10' title='bbox 201 1258 296 1310; x_wconf 75' lang='lat' dir='ltr'><strong>divina</strong></span> <span class='ocrx_word' id='word_1_11' title='bbox 310 1273 389 1310; x_wconf 87' lang='lat' dir='ltr'><strong>mens</strong></span> <span class='ocrx_word' id='word_1_12' title='bbox 403 1263 453 1310; x_wconf 91' lang='lat' dir='ltr'><strong>tua</strong></span> <span class='ocrx_word' id='word_1_13' title='bbox 465 1263 495 1310; x_wconf 89' lang='lat' dir='ltr'><strong>et</strong></span> <span class='ocrx_word' id='word_1_14' title='bbox 503 1270 617 1321; x_wconf 87' lang='lat' dir='ltr'><strong>numen,</strong></span> <span class='ocrx_word' id='word_1_15' title='bbox 633 1255 788 1324; x_wconf 76' lang='lat' dir='ltr'><strong>Imperator</strong></span> <span class='ocrx_word' id='word_1_16' title='bbox 798 1259 910 1321; x_wconf 81' lang='lat' dir='ltr'><strong>Caesar,</strong></span> 
     </span>
     <span class='ocr_line' id='line_1_6' title="bbox 106 1325 910 1395; baseline 0 -17"><span class='ocrx_word' id='word_1_17' title='bbox 106 1326 224 1394; x_wconf 89' lang='lat' dir='ltr'><strong>imperio</strong></span> <span class='ocrx_word' id='word_1_18' title='bbox 239 1326 378 1395; x_wconf 89' lang='lat' dir='ltr'><strong>potiretur</strong></span> <span class='ocrx_word' id='word_1_19' title='bbox 388 1326 464 1378; x_wconf 88' lang='lat' dir='ltr'><strong>orbis</strong></span> <span class='ocrx_word' id='word_1_20' title='bbox 474 1332 626 1388; x_wconf 84' lang='lat' dir='ltr'><strong>terrarum,</strong></span> <span class='ocrx_word' id='word_1_21' title='bbox 640 1325 797 1395; x_wconf 70' lang='lat' dir='ltr'><strong>inmotaque</strong></span> <span class='ocrx_word' id='word_1_22' title='bbox 808 1328 910 1378; x_wconf 83' lang='lat' dir='ltr'><strong>virtute</strong></span> 
     </span>
     <span class='ocr_line' id='line_1_7' title="bbox 107 1390 911 1463; baseline 0 -17"><span class='ocrx_word' id='word_1_23' title='bbox 107 1394 214 1446; x_wconf 85' lang='lat' dir='ltr'><strong>cunetis</strong></span> <span class='ocrx_word' id='word_1_24' title='bbox 225 1391 353 1447; x_wconf 74' lang='lat' dir='ltr'>hostibus</span> <span class='ocrx_word' id='word_1_25' title='bbox 364 1393 468 1458; x_wconf 85' lang='lat' dir='ltr'><strong>stratis,</strong></span> <span class='ocrx_word' id='word_1_26' title='bbox 479 1390 620 1460; x_wconf 89' lang='lat' dir='ltr'><strong>triumpho</strong></span> <span class='ocrx_word' id='word_1_27' title='bbox 631 1393 805 1463; x_wconf 68' lang='lat' dir='ltr'><strong>uictoriaque</strong></span> <span class='ocrx_word' id='word_1_28' title='bbox 815 1401 864 1446; x_wconf 90' lang='lat' dir='ltr'><strong>tua</strong></span> <span class='ocrx_word' id='word_1_29' title='bbox 874 1395 911 1446; x_wconf 88' lang='lat' dir='ltr'><strong>ci-</strong></span> 
     </span>
     <span class='ocr_line' id='line_1_8' title="bbox 107 1461 911 1582; baseline 0 -68"><span class='ocrx_word' id='word_1_30' title='bbox 107 1477 155 1514; x_wconf 82' lang='lat' dir='ltr'><strong>ves</strong></span> <span class='ocrx_word' id='word_1_31' title='bbox 165 1462 362 1531; x_wconf 74' lang='lat' dir='ltr'>gloriarentur,</span> <span class='ocrx_word' id='word_1_32' title='bbox 372 1467 401 1513; x_wconf 87' lang='lat' dir='ltr'><strong>et</strong></span> <span class='ocrx_word' id='word_1_33' title='bbox 406 1468 504 1580; x_wconf 46' lang='lat' dir='ltr'><strong>{entes</strong></span> <span class='ocrx_word' id='word_1_34' title='bbox 516 1476 611 1514; x_wconf 85' lang='lat' dir='ltr'><strong>ornnes</strong></span> <span class='ocrx_word' id='word_1_35' title='bbox 622 1461 753 1514; x_wconf 75' lang='lat' dir='ltr'><strong>subactae</strong></span> <span class='ocrx_word' id='word_1_36' title='bbox 764 1468 840 1514; x_wconf 90' lang='lat' dir='ltr'><strong>tuum</strong></span> <span class='ocrx_word' id='word_1_37' title='bbox 851 1478 911 1582; x_wconf 55' lang='lat' dir='ltr'><strong>ofle-</strong></span> 
     </span>
    </p>
   </div>
   <div class='ocr_carea' id='block_1_4' title="bbox 82 1529 968 2747">
    <p class='ocr_par' dir='ltr' id='par_1_4' title="bbox 82 1529 968 2747">
     <span class='ocr_line' id='line_1_9' title="bbox 108 1529 912 1598; baseline 0 -16"><span class='ocrx_word' id='word_1_38' title='bbox 108 1536 217 1582; x_wconf 87' lang='lat' dir='ltr'><strong>otarent</strong></span> <span class='ocrx_word' id='word_1_39' title='bbox 226 1536 331 1595; x_wconf 73' lang='lat' dir='ltr'><strong>numm,</strong></span> <span class='ocrx_word' id='word_1_40' title='bbox 338 1544 412 1598; x_wconf 91' lang='lat' dir='ltr'><strong>popu</strong></span> <span class='ocrx_word' id='word_1_41' title='bbox 423 1529 658 1598; x_wconf 82' lang='lat' dir='ltr'><strong>usquellomanus</strong></span> <span class='ocrx_word' id='word_1_42' title='bbox 669 1539 698 1583; x_wconf 93' lang='lat' dir='ltr'><strong>et</strong></span> <span class='ocrx_word' id='word_1_43' title='bbox 710 1537 832 1594; x_wconf 88' lang='lat' dir='ltr'><strong>senatus,</strong></span> <span class='ocrx_word' id='word_1_44' title='bbox 843 1531 864 1582; x_wconf 93' lang='lat' dir='ltr'><strong>li</strong></span> <span class='ocrx_word' id='word_1_45' title='bbox 885 1546 912 1582; x_wconf 91' lang='lat' dir='ltr'><strong>e-</strong></span> 
     </span>
     <span class='ocr_line' id='line_1_10' title="bbox 107 1597 911 1665; baseline 0.001 -16"><span class='ocrx_word' id='word_1_46' title='bbox 107 1603 186 1650; x_wconf 87' lang='lat' dir='ltr'><strong>ratus</strong></span> <span class='ocrx_word' id='word_1_47' title='bbox 201 1598 317 1662; x_wconf 90' lang='lat' dir='ltr'><strong>timore,</strong></span> <span class='ocrx_word' id='word_1_48' title='bbox 333 1598 511 1664; x_wconf 73' lang='lat' dir='ltr'><strong>amplissimis</strong></span> <span class='ocrx_word' id='word_1_49' title='bbox 524 1597 580 1649; x_wconf 91' lang='lat' dir='ltr'><strong>tuis</strong></span> <span class='ocrx_word' id='word_1_50' title='bbox 591 1598 810 1665; x_wconf 66' lang='lat' dir='ltr'><strong>ooffl&#39;tutionibus</strong></span> <span class='ocrx_word' id='word_1_51' title='bbox 821 1599 911 1650; x_wconf 88' lang='lat' dir='ltr'><strong>oonsi-</strong></span> 
     </span>
     <span class='ocr_line' id='line_1_11' title="bbox 107 1664 911 1735; baseline 0 -18"><span class='ocrx_word' id='word_1_52' title='bbox 107 1666 210 1734; x_wconf 87' lang='lat' dir='ltr'><strong>liisque</strong></span> <span class='ocrx_word' id='word_1_53' title='bbox 220 1665 431 1735; x_wconf 75' lang='lat' dir='ltr'><strong>gubernaretur,</strong></span> <span class='ocrx_word' id='word_1_54' title='bbox 441 1681 497 1717; x_wconf 90' lang='lat' dir='ltr'><strong>non</strong></span> <span class='ocrx_word' id='word_1_55' title='bbox 508 1664 642 1717; x_wconf 80' lang='lat' dir='ltr'><strong>audebam</strong></span> <span class='ocrx_word' id='word_1_56' title='bbox 652 1667 738 1718; x_wconf 83' lang='lat' dir='ltr'><strong>tantis</strong></span> <span class='ocrx_word' id='word_1_57' title='bbox 751 1667 911 1732; x_wconf 83' lang='lat' dir='ltr'><strong>occupatio-</strong></span> 
     </span>
     <span class='ocr_line' id='line_1_12' title="bbox 107 1732 911 1802; baseline -0.001 -17"><span class='ocrx_word' id='word_1_58' title='bbox 107 1733 190 1786; x_wconf 90' lang='lat' dir='ltr'><strong>nibus</strong></span> <span class='ocrx_word' id='word_1_59' title='bbox 198 1732 685 1800; x_wconf 81' lang='lat' dir='ltr'><strong>dearchiteoturasoriptaetmagnie</strong></span> <span class='ocrx_word' id='word_1_60' title='bbox 694 1735 911 1802; x_wconf 77' lang='lat' dir='ltr'><strong>cogitationibus</strong></span> 
     </span>
     <span class='ocr_line' id='line_1_13' title="bbox 109 1801 911 1919; baseline -0.001 -66"><span class='ocrx_word' id='word_1_61' title='bbox 109 1801 249 1919; x_wconf 63' lang='lat' dir='ltr'><strong>expllioata</strong></span> <span class='ocrx_word' id='word_1_62' title='bbox 259 1801 352 1865; x_wconf 91' lang='lat' dir='ltr'><strong>edere,</strong></span> <span class='ocrx_word' id='word_1_63' title='bbox 362 1807 499 1865; x_wconf 76' lang='lat' dir='ltr'><strong>mettrens,</strong></span> <span class='ocrx_word' id='word_1_64' title='bbox 509 1815 544 1853; x_wconf 94' lang='lat' dir='ltr'><strong>ne</strong></span> <span class='ocrx_word' id='word_1_65' title='bbox 553 1816 609 1853; x_wconf 90' lang='lat' dir='ltr'><strong>non</strong></span> <span class='ocrx_word' id='word_1_66' title='bbox 619 1806 684 1868; x_wconf 91' lang='lat' dir='ltr'><strong>apto</strong></span> <span class='ocrx_word' id='word_1_67' title='bbox 692 1807 818 1869; x_wconf 86' lang='lat' dir='ltr'><strong>tempore</strong></span> <span class='ocrx_word' id='word_1_68' title='bbox 828 1803 911 1853; x_wconf 84' lang='lat' dir='ltr'><strong>inter-</strong></span> 
     </span>
     <span class='ocr_line' id='line_1_14' title="bbox 108 1867 911 1937; baseline -0.001 -17"><span class='ocrx_word' id='word_1_69' title='bbox 108 1884 144 1937; x_wconf 92' lang='lat' dir='ltr'><strong>pe</strong></span> <span class='ocrx_word' id='word_1_70' title='bbox 168 1867 699 1921; x_wconf 82' lang='lat' dir='ltr'><strong>enesubiremtuianimioliensionem.</strong></span> <span class='ocrx_word' id='word_1_71' title='bbox 728 1872 753 1920; x_wconf 75' lang='lat'><strong>².</strong></span> <span class='ocrx_word' id='word_1_72' title='bbox 766 1870 833 1921; x_wconf 81' lang='lat' dir='ltr'><strong>Cum</strong></span> <span class='ocrx_word' id='word_1_73' title='bbox 844 1885 911 1920; x_wconf 89' lang='lat' dir='ltr'><strong>vero</strong></span> 
     </span>
     <span class='ocr_line' id='line_1_15' title="bbox 110 1937 912 2001; baseline 0 -13"><span class='ocrx_word' id='word_1_74' title='bbox 110 1937 296 2001; x_wconf 84' lang='lat' dir='ltr'><strong>attenderem,</strong></span> <span class='ocrx_word' id='word_1_75' title='bbox 311 1943 339 1989; x_wconf 89' lang='lat' dir='ltr'><strong>te</strong></span> <span class='ocrx_word' id='word_1_76' title='bbox 351 1953 406 1989; x_wconf 90' lang='lat' dir='ltr'><strong>non</strong></span> <span class='ocrx_word' id='word_1_77' title='bbox 422 1937 512 1989; x_wconf 91' lang='lat' dir='ltr'><strong>solum</strong></span> <span class='ocrx_word' id='word_1_78' title='bbox 528 1937 563 1988; x_wconf 91' lang='lat' dir='ltr'><strong>de</strong></span> <span class='ocrx_word' id='word_1_79' title='bbox 574 1937 633 1987; x_wconf 82' lang='lat' dir='ltr'><strong>vita</strong></span> <span class='ocrx_word' id='word_1_80' title='bbox 642 1939 781 1988; x_wconf 86' lang='lat' dir='ltr'><strong>communi</strong></span> <span class='ocrx_word' id='word_1_81' title='bbox 791 1939 912 1988; x_wconf 88' lang='lat' dir='ltr'><strong>omnium</strong></span> 
     </span>
     <span class='ocr_line' id='line_1_16' title="bbox 110 2002 913 2073; baseline -0.001 -17"><span class='ocrx_word' id='word_1_82' title='bbox 110 2019 204 2057; x_wconf 82' lang='lat' dir='ltr'><strong>aurern</strong></span> <span class='ocrx_word' id='word_1_83' title='bbox 222 2004 407 2073; x_wconf 86' lang='lat' dir='ltr'><strong>publicaeque</strong></span> <span class='ocrx_word' id='word_1_84' title='bbox 429 2006 472 2056; x_wconf 93' lang='lat' dir='ltr'><strong>rei</strong></span> <span class='ocrx_word' id='word_1_85' title='bbox 496 2005 698 2056; x_wconf 87' lang='lat' dir='ltr'><strong>constitutione</strong></span> <span class='ocrx_word' id='word_1_86' title='bbox 723 2002 845 2067; x_wconf 81' lang='lat' dir='ltr'><strong>habere‚.</strong></span> <span class='ocrx_word' id='word_1_87' title='bbox 862 2005 913 2055; x_wconf 87' lang='lat' dir='ltr'><strong>sed</strong></span> 
     </span>
     <span class='ocr_line' id='line_1_17' title="bbox 110 2071 913 2139; baseline 0 -15"><span class='ocrx_word' id='word_1_88' title='bbox 110 2073 195 2124; x_wconf 88' lang='lat' dir='ltr'><strong>etiam</strong></span> <span class='ocrx_word' id='word_1_89' title='bbox 206 2072 239 2124; x_wconf 93' lang='lat' dir='ltr'><strong>de</strong></span> <span class='ocrx_word' id='word_1_90' title='bbox 251 2074 458 2139; x_wconf 83' lang='lat' dir='ltr'><strong>opportunitate</strong></span> <span class='ocrx_word' id='word_1_91' title='bbox 472 2071 647 2139; x_wconf 82' lang='lat' dir='ltr'><strong>publicorum</strong></span> <span class='ocrx_word' id='word_1_92' title='bbox 658 2071 862 2135; x_wconf 83' lang='lat' dir='ltr'><strong>aedificiorum,</strong></span> <span class='ocrx_word' id='word_1_93' title='bbox 881 2079 913 2124; x_wconf 91' lang='lat' dir='ltr'><strong>ut</strong></span> 
     </span>
     <span class='ocr_line' id='line_1_18' title="bbox 109 2139 912 2209; baseline 0 -17"><span class='ocrx_word' id='word_1_94' title='bbox 109 2141 209 2192; x_wconf 78' lang='lat' dir='ltr'><strong>civitas</strong></span> <span class='ocrx_word' id='word_1_95' title='bbox 221 2155 272 2209; x_wconf 87' lang='lat' dir='ltr'><strong>per</strong></span> <span class='ocrx_word' id='word_1_96' title='bbox 284 2147 312 2192; x_wconf 89' lang='lat' dir='ltr'><strong>te</strong></span> <span class='ocrx_word' id='word_1_97' title='bbox 326 2153 383 2190; x_wconf 88' lang='lat' dir='ltr'><strong>non</strong></span> <span class='ocrx_word' id='word_1_98' title='bbox 396 2139 486 2191; x_wconf 91' lang='lat' dir='ltr'><strong>solum</strong></span> <span class='ocrx_word' id='word_1_99' title='bbox 498 2140 650 2206; x_wconf 84' lang='lat' dir='ltr'><strong>provinciis</strong></span> <span class='ocrx_word' id='word_1_100' title='bbox 665 2145 742 2190; x_wconf 82' lang='lat' dir='ltr'><strong>esset</strong></span> <span class='ocrx_word' id='word_1_101' title='bbox 753 2146 848 2202; x_wconf 84' lang='lat' dir='ltr'><strong>aucta,</strong></span> <span class='ocrx_word' id='word_1_102' title='bbox 867 2156 912 2192; x_wconf 89' lang='lat' dir='ltr'><strong>ve-</strong></span> 
     </span>
     <span class='ocr_line' id='line_1_19' title="bbox 108 2206 912 2275; baseline 0 -16"><span class='ocrx_word' id='word_1_103' title='bbox 108 2224 171 2259; x_wconf 88' lang='lat' dir='ltr'><strong>rum</strong></span> <span class='ocrx_word' id='word_1_104' title='bbox 186 2209 270 2259; x_wconf 88' lang='lat' dir='ltr'><strong>etiam</strong></span> <span class='ocrx_word' id='word_1_105' title='bbox 285 2214 317 2259; x_wconf 91' lang='lat' dir='ltr'><strong>ut</strong></span> <span class='ocrx_word' id='word_1_106' title='bbox 325 2207 457 2258; x_wconf 86' lang='lat' dir='ltr'><strong>maiestas</strong></span> <span class='ocrx_word' id='word_1_107' title='bbox 466 2207 577 2275; x_wconf 91' lang='lat' dir='ltr'><strong>imperii</strong></span> <span class='ocrx_word' id='word_1_108' title='bbox 586 2206 761 2272; x_wconf 85' lang='lat' dir='ltr'><strong>publicorum</strong></span> <span class='ocrx_word' id='word_1_109' title='bbox 771 2208 912 2260; x_wconf 84' lang='lat' dir='ltr'><strong>aedilicio-</strong></span> 
     </span>
     <span class='ocr_line' id='line_1_20' title="bbox 108 2273 912 2344; baseline 0.001 -17"><span class='ocrx_word' id='word_1_110' title='bbox 108 2292 172 2328; x_wconf 90' lang='lat' dir='ltr'><strong>rum</strong></span> <span class='ocrx_word' id='word_1_111' title='bbox 183 2277 312 2344; x_wconf 82' lang='lat' dir='ltr'><strong>egregias</strong></span> <span class='ocrx_word' id='word_1_112' title='bbox 322 2273 439 2326; x_wconf 86' lang='lat' dir='ltr'><strong>haberet</strong></span> <span class='ocrx_word' id='word_1_113' title='bbox 446 2275 641 2338; x_wconf 84' lang='lat' dir='ltr'><strong>auctoritates,</strong></span> <span class='ocrx_word' id='word_1_114' title='bbox 660 2291 716 2327; x_wconf 93' lang='lat' dir='ltr'><strong>non</strong></span> <span class='ocrx_word' id='word_1_115' title='bbox 726 2278 820 2343; x_wconf 80' lang='lat' dir='ltr'><strong>putavi</strong></span> <span class='ocrx_word' id='word_1_116' title='bbox 834 2292 912 2342; x_wconf 89' lang='lat' dir='ltr'><strong>prae·</strong></span> 
     </span>
     <span class='ocr_line' id='line_1_21' title="bbox 109 2342 913 2461; baseline 0 -65"><span class='ocrx_word' id='word_1_117' title='bbox 109 2344 333 2406; x_wconf 74' lang='lat' dir='ltr'><strong>immittendum,</strong></span> <span class='ocrx_word' id='word_1_118' title='bbox 344 2343 410 2410; x_wconf 90' lang='lat' dir='ltr'><strong>quin</strong></span> <span class='ocrx_word' id='word_1_119' title='bbox 419 2342 508 2410; x_wconf 85' lang='lat' dir='ltr'><strong>primo</strong></span> <span class='ocrx_word' id='word_1_120' title='bbox 518 2356 627 2461; x_wconf 47' lang='lat' dir='ltr'><strong>quothue</strong></span> <span class='ocrx_word' id='word_1_121' title='bbox 637 2349 763 2412; x_wconf 90' lang='lat' dir='ltr'><strong>tempore</strong></span> <span class='ocrx_word' id='word_1_122' title='bbox 774 2344 808 2396; x_wconf 93' lang='lat' dir='ltr'><strong>de</strong></span> <span class='ocrx_word' id='word_1_123' title='bbox 819 2342 862 2395; x_wconf 87' lang='lat' dir='ltr'><strong>his</strong></span> <span class='ocrx_word' id='word_1_124' title='bbox 870 2360 913 2396; x_wconf 91' lang='lat' dir='ltr'><strong>re·</strong></span> 
     </span>
     <span class='ocr_line' id='line_1_22' title="bbox 111 2410 919 2479; baseline 0.001 -16"><span class='ocrx_word' id='word_1_125' title='bbox 111 2412 164 2464; x_wconf 92' lang='lat' dir='ltr'><strong>bus</strong></span> <span class='ocrx_word' id='word_1_126' title='bbox 186 2411 282 2462; x_wconf 92' lang='lat' dir='ltr'><strong>eatibi</strong></span> <span class='ocrx_word' id='word_1_127' title='bbox 300 2411 426 2462; x_wconf 86' lang='lat' dir='ltr'><strong>ederem:</strong></span> <span class='ocrx_word' id='word_1_128' title='bbox 445 2410 578 2477; x_wconf 90' lang='lat' dir='ltr'><strong>ideoque</strong></span> <span class='ocrx_word' id='word_1_129' title='bbox 612 2412 730 2479; x_wconf 85' lang='lat' dir='ltr'><strong>primurn</strong></span> <span class='ocrx_word' id='word_1_130' title='bbox 765 2413 854 2464; x_wconf 87' lang='lat' dir='ltr'><strong>ereoti</strong></span> <span class='ocrx_word' id='word_1_131' title='bbox 870 2419 919 2464; x_wconf 90' lang='lat' dir='ltr'><strong>tuo</strong></span> 
     </span>
     <span class='ocr_line' id='line_1_23' title="bbox 114 2477 920 2548; baseline 0 -18"><span class='ocrx_word' id='word_1_132' title='bbox 114 2478 164 2548; x_wconf 89' lang='lat' dir='ltr'><strong>[de</strong></span> <span class='ocrx_word' id='word_1_133' title='bbox 176 2477 224 2546; x_wconf 95' lang='lat' dir='ltr'><strong>eo]</strong></span> <span class='ocrx_word' id='word_1_134' title='bbox 235 2478 343 2530; x_wconf 81' lang='lat' dir='ltr'><strong>fueram</strong></span> <span class='ocrx_word' id='word_1_135' title='bbox 352 2484 445 2541; x_wconf 87' lang='lat' dir='ltr'><strong>notus,</strong></span> <span class='ocrx_word' id='word_1_136' title='bbox 457 2478 556 2529; x_wconf 86' lang='lat' dir='ltr'><strong>eteius</strong></span> <span class='ocrx_word' id='word_1_137' title='bbox 566 2478 677 2530; x_wconf 85' lang='lat' dir='ltr'><strong>virtutis</strong></span> <span class='ocrx_word' id='word_1_138' title='bbox 688 2486 733 2530; x_wconf 85' lang='lat' dir='ltr'><strong>stu</strong></span> <span class='ocrx_word' id='word_1_139' title='bbox 753 2481 842 2544; x_wconf 88' lang='lat' dir='ltr'><strong>iosus;</strong></span> <span class='ocrx_word' id='word_1_140' title='bbox 859 2495 920 2532; x_wconf 88' lang='lat' dir='ltr'><strong>curn</strong></span> 
     </span>
     <span class='ocr_line' id='line_1_24' title="bbox 114 2546 968 2608; baseline 0.001 -10"><span class='ocrx_word' id='word_1_141' title='bbox 114 2555 209 2598; x_wconf 87' lang='lat' dir='ltr'><strong>autem</strong></span> <span class='ocrx_word' id='word_1_142' title='bbox 224 2546 374 2598; x_wconf 87' lang='lat' dir='ltr'><strong>concilium</strong></span> <span class='ocrx_word' id='word_1_143' title='bbox 385 2546 550 2598; x_wconf 86' lang='lat' dir='ltr'><strong>coelestium</strong></span> <span class='ocrx_word' id='word_1_144' title='bbox 560 2546 589 2596; x_wconf 92' lang='lat' dir='ltr'><strong>in</strong></span> <span class='ocrx_word' id='word_1_145' title='bbox 599 2546 712 2599; x_wconf 87' lang='lat' dir='ltr'><strong>sedibus</strong></span> <span class='ocrx_word' id='word_1_146' title='bbox 723 2547 921 2599; x_wconf 88' lang='lat' dir='ltr'><strong>immortalium</strong></span> <span class='ocrx_word' id='word_1_147' title='bbox 966 2604 968 2608; x_wconf 60' lang='grc'>,</span> 
     </span>
     <span class='ocr_line' id='line_1_25' title="bbox 115 2613 920 2683; baseline 0.001 -17"><span class='ocrx_word' id='word_1_148' title='bbox 115 2630 179 2666; x_wconf 88' lang='lat' dir='ltr'><strong>eum</strong></span> <span class='ocrx_word' id='word_1_149' title='bbox 195 2615 394 2677; x_wconf 84' lang='lat' dir='ltr'><strong>dedicavisset,</strong></span> <span class='ocrx_word' id='word_1_150' title='bbox 411 2619 440 2665; x_wconf 89' lang='lat' dir='ltr'><strong>et</strong></span> <span class='ocrx_word' id='word_1_151' title='bbox 453 2613 599 2682; x_wconf 89' lang='lat' dir='ltr'><strong>imperium</strong></span> <span class='ocrx_word' id='word_1_152' title='bbox 613 2615 736 2681; x_wconf 85' lang='lat' dir='ltr'><strong>parentis</strong></span> <span class='ocrx_word' id='word_1_153' title='bbox 748 2615 863 2666; x_wconf 90' lang='lat' dir='ltr'><strong>intuam</strong></span> <span class='ocrx_word' id='word_1_154' title='bbox 873 2630 920 2683; x_wconf 92' lang='lat' dir='ltr'><strong>po·</strong></span> 
     </span>
     <span class='ocr_line' id='line_1_26' title="bbox 82 2681 921 2747; baseline -0.004 -11"><span class='ocrx_word' id='word_1_155' title='bbox 82 2720 84 2724; x_wconf 91' lang='lat'>-</span> <span class='ocrx_word' id='word_1_156' title='bbox 114 2689 247 2737; x_wconf 87' lang='lat' dir='ltr'><strong>testatem</strong></span> <span class='ocrx_word' id='word_1_157' title='bbox 261 2682 467 2747; x_wconf 85' lang='lat' dir='ltr'><strong>transtulisset,</strong></span> <span class='ocrx_word' id='word_1_158' title='bbox 483 2681 560 2733; x_wconf 91' lang='lat' dir='ltr'><strong>idem</strong></span> <span class='ocrx_word' id='word_1_159' title='bbox 573 2682 695 2735; x_wconf 88' lang='lat' dir='ltr'><strong>studium</strong></span> <span class='ocrx_word' id='word_1_160' title='bbox 710 2697 802 2734; x_wconf 89' lang='lat' dir='ltr'><strong>meum</strong></span> <span class='ocrx_word' id='word_1_161' title='bbox 815 2684 845 2734; x_wconf 92' lang='lat' dir='ltr'><strong>in</strong></span> <span class='ocrx_word' id='word_1_162' title='bbox 860 2684 921 2735; x_wconf 89' lang='lat' dir='ltr'><strong>eius</strong></span> 
     </span>
    </p>
   </div>
   <div class='ocr_carea' id='block_1_5' title="bbox 0 0 1045 3090">
    <p class='ocr_par' dir='ltr' id='par_1_5' title="bbox 0 0 1045 3090">
     <span class='ocr_line' id='line_1_27' title="bbox 0 0 1045 3090; baseline 0 0"><span class='ocrx_word' id='word_1_163' title='bbox 0 0 1045 3090; x_wconf 95' lang='lat' dir='ltr'><strong> </strong></span> 
     </span>
    </p>
   </div>
  </div>
 </body>
</html>
