2054 3090
109 204 140 253 42
312 205 365 256 ou
392 167 711 256 nacur'rucrunn

110 312 184 368 cata,
200 321 256 356 non
270 308 427 372 speciosam
443 308 494 358 sed
509 308 659 357 firmiorem
670 322 751 372 quarn
766 305 916 355 reticulata

109 379 253 438 praestant
263 381 439 425 structuram.
468 377 492 425 2.
510 375 633 440 Utraque
644 380 736 424 autem
748 388 782 423 ex
790 371 914 422 minutis-

109 441 186 491 simis
201 447 266 490 sunt
279 442 454 502 instruenda,
473 443 515 491 uti
528 442 645 492 materia
660 456 695 491 ex
705 441 781 491 ealce
793 446 821 490 et
831 453 916 488 arena

108 507 243 558 crebriter
259 509 381 573 parietes
392 510 486 558 satiati
497 509 599 560 diutius
615 509 818 559 contineantur.
845 505 917 556 Mol·

108 575 130 624 li
140 576 212 625 enirn
222 581 250 625 et
260 591 324 625 rara
333 582 474 642 potestate
486 592 547 627 cum
559 577 623 638 sint,
635 577 778 626 exsiccant
788 573 914 640 sugendo

109 656 124 691 e
136 644 254 692 materia
264 658 388 693 succum:
404 659 465 693 curn
477 649 567 693 autem
580 643 719 708 superarit
729 650 758 692 et
768 641 916 692 abundarit

110 710 192 774 copia
206 709 290 760 calcis
308 717 336 760 et
348 725 462 773 arenae,
481 712 573 776 paries
588 710 650 775 plus
666 709 770 760 habens
790 707 915 758 humoris

110 783 165 826 non
178 782 233 826 cito
250 778 298 827 liet
312 778 458 840 evanidus,
473 778 523 828 sed
538 777 571 827 ab
584 776 625 827 his
641 777 837 828 continebitur.
875 775 915 826 Si-

110 844 167 893 nml
180 851 272 894 autem
283 843 395 894 humida
404 851 530 910 potestas
541 846 683 895 emateria
692 859 742 910 per
758 849 915 894 caemento-

110 926 170 960 rum
184 913 328 961 raritatem
343 911 429 962 fuerit
443 918 556 974 exucta,
575 911 639 962 calx
653 926 763 978 quoque
778 911 811 961 ab
830 925 916 960 arena

111 978 231 1028 discedit
243 985 272 1028 et
286 979 460 1042 dissolvitur,
477 980 545 1030 item
564 986 708 1030 caementa
724 993 780 1029 non
797 984 916 1044 possunt

111 1061 172 1095 cum
188 1044 230 1095 his
246 1044 410 1108 cohaerere,
429 1047 480 1097 sed
496 1047 525 1096 in
535 1053 703 1098 vetustatem
720 1046 843 1112 parietes
860 1045 914 1094 effi-

111 1114 187 1163 ciunt
207 1113 348 1165 ruinosos.
383 1114 407 1164 3.
431 1113 462 1165 ld
487 1120 579 1164 autem
603 1113 671 1164 licet
694 1113 914 1163 animadvertere

111 1181 194 1246 etiarn
212 1180 246 1230 de
264 1182 405 1232 nonnullis
419 1183 618 1243 monumentis,
638 1196 709 1247 quae
727 1181 802 1231 circa
818 1180 915 1230 urbem

109 1246 185 1296 facta
195 1253 259 1297 sunt
269 1262 284 1297 e
295 1264 432 1299 marmore
444 1265 494 1299 seu
504 1249 642 1314 lapidibus
654 1248 806 1314 quadratis,
818 1247 914 1297 intrin-

110 1328 247 1378 secusque
261 1315 353 1364 medio
370 1316 477 1367 calcata
490 1315 618 1366 farturis:
639 1322 779 1366 vetustate
798 1314 916 1364 evanida

109 1379 185 1430 facta
195 1382 320 1443 materia,
333 1390 595 1450 caementorumque
606 1390 706 1435 exucta
716 1384 841 1444 raritate,
852 1396 915 1448 pro-

110 1453 193 1497 ruunt
207 1453 235 1497 et
249 1456 476 1515 coagmentorum
487 1451 521 1501 ab
531 1452 612 1501 ruina
620 1451 765 1502 dissolutis
778 1450 915 1500 iuncturis

110 1514 288 1579 dissipantur.
324 1517 349 1566 4.
370 1517 451 1578 Quod
469 1518 493 1568 si
511 1519 573 1585 quis
589 1519 712 1569 noluerit
728 1519 758 1567 in
771 1518 800 1566 id
817 1517 914 1567 vitium

110 1581 246 1643 incidere,
261 1583 354 1634 medio
367 1600 445 1647 cavo,
456 1592 567 1636 servato
579 1586 730 1636 secundum
742 1583 914 1634 orthostatas

109 1649 291 1712 intrinsecus,
307 1666 342 1701 ex
357 1652 440 1702 rubro
453 1667 521 1702 saxo
534 1654 669 1718 quadrato
681 1658 729 1703 aut
740 1667 774 1702 ex
784 1657 857 1701 testa
867 1657 915 1700 aut

110 1730 145 1766 ex
159 1716 285 1767 silicibus
300 1719 450 1769 ordinariis
464 1726 554 1770 struat
570 1721 715 1786 bipedales
732 1720 867 1786 parietes,
886 1724 915 1768 et

111 1798 172 1833 curn
186 1782 229 1835 his
246 1786 320 1836 ansis
331 1785 432 1836 ferreis
448 1794 477 1836 et
485 1787 598 1853 plumbo
609 1787 718 1838 frontes
729 1787 838 1836 vinctae
848 1785 913 1834 sint.

110 1851 151 1901 lta
162 1853 235 1901 enim
245 1868 300 1902 non
311 1855 461 1904 acervatim
472 1855 523 1905 sed
534 1854 632 1905 ordine
644 1861 779 1906 structum
789 1867 856 1919 opus
865 1867 914 1918 po-

109 1919 177 1968 terit
185 1935 247 1970 esse
256 1920 316 1971 sine
328 1922 396 1971 vitio
406 1921 613 1987 sempiternum,
620 1922 694 1988 quod
703 1921 806 1972 cubilia
814 1927 842 1970 et
851 1934 913 1970 eoa-

111 1993 223 2052 gnsenta
234 2002 330 2038 eorum
340 1989 414 2038 inter
425 2003 455 2038 se
466 1989 595 2039 sedentia
605 1996 634 2039 et
647 1989 783 2040 iuncturis
798 1988 915 2053 alligata

111 2070 165 2104 non
176 2056 343 2119 protrudent
351 2071 430 2121 opus,
441 2071 530 2121 neque
542 2055 714 2107 orthostatas
725 2057 799 2106 inter
810 2069 840 2104 se
848 2053 913 2103 reli·

112 2131 193 2188 gatos
210 2125 266 2174 labi
280 2126 429 2188 patientur.
464 2125 488 2175 b.
508 2124 604 2190 ltaque
615 2136 670 2172 non
682 2127 725 2171 est
735 2127 915 2171 contemnen-

112 2191 146 2238 da
162 2191 333 2241 Graecorum
353 2199 503 2243 structura:
523 2206 579 2241 non
600 2190 672 2239 enim
685 2195 800 2238 utuntur
813 2202 829 2237 e
843 2188 912 2237 mol-

110 2254 130 2303 li
142 2262 286 2306 caemento
298 2263 438 2307 structura
448 2257 549 2321 polita,
564 2256 614 2306 sed
629 2271 691 2306 cum
703 2252 885 2305 discesserint
899 2267 915 2301 a

112 2322 256 2387 quadrato,
266 2330 372 2388 ponunt
382 2324 416 2374 de
428 2325 508 2375 silice
517 2339 567 2375 seu
578 2324 611 2374 de
622 2322 715 2388 lapide
726 2321 795 2372 duro
805 2319 915 2370 ordina-

112 2391 167 2452 rio,
183 2391 273 2452 etita,
287 2391 329 2440 uti
339 2392 462 2441 lateritia
473 2397 626 2452 struentes,
642 2390 760 2455 alligant
770 2401 866 2438 eorum
877 2386 915 2435 al-

111 2459 198 2507 ternis
213 2456 306 2508 choris
322 2465 499 2524 coagmenta,
515 2465 544 2509 et
558 2458 599 2508 sic
613 2457 731 2507 maxime
746 2455 781 2505 ad
796 2454 915 2504 aeterni-

110 2528 197 2576 tatem
209 2526 300 2575 firmas
311 2527 459 2590 perficiunt
468 2528 594 2577 virtutes.
614 2525 693 2575 llaec
704 2529 795 2573 autem
807 2521 915 2570 duobus

112 2593 260 2658 generibus
273 2600 428 2644 struuntur:
441 2609 476 2644 ex
487 2593 529 2643 his
538 2608 619 2642 unum
630 2592 793 2648 isodomum‚
800 2589 916 2638 alterum

112 2661 357 2725 pseudisodomum
382 2661 546 2726 appellatur.
582 2659 606 2710 li.
626 2658 785 2709 lsodomum
804 2656 916 2719 dicitur,

112 2742 172 2777 curn
185 2728 277 2778 omnia
286 2728 383 2779 choria
392 2744 479 2791 aequa
490 2727 674 2778 crassitudine
683 2724 789 2776 luerint
797 2730 915 2774 structa:

849 2861 950 2880 ⁸²*
