2054 3090
330 217 460 271 urana
475 219 531 272 ιιι.
560 219 644 273 cae.
661 219 697 274 v.
764 231 768 239 ·
881 194 914 274 oo

108 327 185 388 ptum
199 319 229 370 in
244 319 363 387 singulis
376 314 561 372 tetrantorum
571 322 728 374 actionibus
736 322 912 374 dimidiatum

108 388 186 439 oculi
198 388 319 453 spatium
328 388 481 450 minuatur,
496 388 626 440 donicum
636 389 666 439 in
676 389 794 441 eundem
808 396 912 441 tetran-

107 463 178 517 tem,
196 455 244 520 qui
258 460 303 505 est
316 455 367 506 sub
384 455 486 519 abaco,
502 456 604 508 veniat.
639 457 664 508 'l
684 457 804 523 Capituli
820 462 912 507 eutem

108 521 267 574 crassitudo
281 523 324 572 sic
341 529 384 573 est
393 521 531 585 facienda,
545 528 621 575 uter
631 539 730 575 novem
745 524 872 591 partibus
884 531 912 575 et

108 589 226 640 dimidia
241 595 300 639 tres
316 595 411 660 partes
427 591 635 708 prae‘feudeant
651 591 725 642 infra
743 591 912 658 astragalum
975 651 978 660 Ι

109 656 209 706 summi
218 656 308 721 scapi,
320 657 457 722 cymatio,
469 673 486 707 a
506 664 598 724 empto
608 658 696 709 abaco
708 665 737 710 et
745 658 839 709 canali
847 659 911 708 reli-

110 737 170 789 qua:
179 723 217 773 sit
233 736 306 787 pars.
342 723 508 776 Proiectum
522 731 615 781 autem
625 726 740 791 cymatii
750 725 851 776 habeat
865 740 911 776 ex-

109 798 161 842 trs,
171 790 253 841 abaci
269 789 402 856 quadram
422 791 505 842 oculi
515 788 743 858 magnitudinem.
781 792 911 843 Pulvino-

109 863 171 908 rum
184 857 280 907 baltei
287 857 424 913 ababaoo
439 856 511 909 banc
522 857 855 927 habeantproiecturam,
870 860 912 910 uti

110 924 441 976 circinicentrumunum
450 941 512 977 cum
522 927 560 977 sit
568 927 690 992 positum
700 927 729 977 ln
743 926 859 992 capituli
872 933 911 978 te·

110 991 368 1043 tranteetalterum
379 992 527 1044 diducatur
538 992 573 1043 ad
583 999 742 1045 extremum-
752 994 911 1062 cymatium,

112 1059 308 1109 circumactum
333 1058 491 1116 balteorum
520 1059 668 1111 extremas.
684 1071 779 1127 partes
805 1066 911 1126 tangat.

74 1144 76 1148 ·
110 1127 184 1176 Auos
199 1125 355 1176 volutarum
371 1141 406 1176 ns
426 1127 580 1177 crassiores
595 1127 655 1177 sint
665 1141 747 1193 quam
762 1126 837 1181 oculi
856 1141 911 1179 mo·

111 1191 237 1260 gnitude,
247 1193 416 1259 volutaeque
426 1193 504 1259 ipsso
514 1193 727 1254 sio-caedantur,
738 1194 779 1243 uti
788 1193 911 1243 altitudi-
996 1243 999 1249 ,

111 1261 154 1311 nis
174 1258 295 1320 babeant
313 1259 469 1312 latitudinis
488 1275 555 1311 suae
579 1258 772 1316 duodecimam
795 1265 910 1326 partem.

110 1326 453 1392 llaecruutsymmetriac
464 1326 662 1393 capitulorum,
679 1342 750 1394 quae
767 1327 911 1381 columnae

110 1394 306 1444 lutasaesunt
318 1394 352 1444 ab
368 1395 482 1451 minimo
497 1395 533 1451 ad
549 1395 636 1462 pedes
651 1393 717 1459 xlc
741 1409 812 1462 quae
828 1409 912 1460 supra

111 1465 195 1512 munt
200 1461 339 1527 reliquae,
350 1459 494 1513 habebunt
500 1461 535 1512 ad
546 1461 912 1528 eundemmodumsymme-

110 1529 190 1585 trist.
221 1527 332 1581 Abacus
342 1534 435 1584 autem
445 1529 499 1585 erit
508 1528 610 1597 longus
619 1529 736 1592 otiatus,
748 1545 829 1597 quam
840 1544 912 1580 oras-

110 1594 291 1663 saloolumua
301 1601 345 1646 est
358 1595 424 1658 ima,
435 1596 730 1663 adlectanartenoua,
747 1599 788 1652 utt
798 1611 853 1663 quo
863 1597 912 1646 mi·

110 1679 164 1719 nus
176 1660 308 1718 hebuerit
319 1662 403 1713 altior
419 1663 547 1714 columna
558 1670 743 1725 contractum,
764 1679 798 1716 eo
814 1679 848 1714 no
864 1664 912 1712 mi-

111 1746 166 1781 uus
175 1727 280 1783 habeat
291 1730 519 1795 capitulumsuae
532 1732 711 1798 symmetriae
726 1732 912 1797 proiecturam

111 1797 335 1848 etisaltitudine
344 1802 423 1851 ratae
433 1799 521 1863 partis
537 1798 731 1848 adiectionem.
768 1797 792 1848 8.
811 1797 854 1847 De
867 1812 912 1846 vo·

111 1865 232 1922 lutosum
246 1864 494 1929 descriptionibus,
508 1865 550 1915 uti
565 1864 600 1915 ad
615 1865 750 1916 circinum
765 1864 822 1915 sint
835 1870 912 1914 recte

110 1931 267 1993 involutae,
283 1931 731 1997 quemadmodumdescribantur,
743 1932 772 1982 in
787 1936 911 1982 extremo

111 1998 191 2048 llbro
200 1997 292 2047 forma
305 2004 334 2048 et
342 1999 416 2049 ratio
427 2013 521 2049 earum
532 1999 587 2050 erit
601 1999 766 2064 subscripta.
801 1997 912 2062 capitu-

111 2065 153 2115 lis·
163 2063 297 2131 perlectis
308 2065 414 2115 deinde
430 2066 631 2127 columnarum,
646 2062 704 2182 het]
720 2079 776 2114 nun
787 2065 822 2116 ad
834 2064 912 2114 libel-

112 2132 166 2181 lam
180 2132 231 2182 sed
244 2131 280 2182 ad
295 2132 440 2198 aequalem
454 2132 596 2182 modulum
611 2147 645 2183 co
669 2132 772 2195 ocatis3
796 2137 828 2182 ut
842 2147 912 2197 quae

112 2198 234 2248 adiectio
249 2199 278 2248 in
297 2199 447 2265 stylobatis
467 2198 543 2251 facta
557 2198 655 2260 fuerit,
673 2199 703 2249 in
722 2198 912 2265 superioribus

112 2265 437 2331 membrlsarespondeet,
456 2263 629 2382 ‘'symmetric
642 2264 835 2335 epistyliorum]
857 2267 912 2331 epi·

111 2331 260 2398 styliorum
269 2334 343 2383 ratio
354 2333 395 2383 sie
405 2339 449 2383 est
478 2333 598 2393 obenda,
615 2340 647 2384 ut
663 2335 688 2384 si
698 2333 844 2384 columnae
855 2333 912 2382 fue-

111 2401 168 2449 rint
177 2399 316 2449 aminimo
327 2399 379 2448 Xll
393 2399 494 2465 pedum
510 2400 545 2448 ad
555 2399 607 2451 XV
616 2401 717 2466 pedes,
735 2399 863 2466 epistylii
877 2400 915 2449 sit

111 2466 230 2516 altitudo
246 2465 362 2516 dimidia
379 2467 572 2517 crassitudinis
587 2467 659 2518 imae
670 2468 828 2518 columnae:
846 2467 913 2515 item

112 2533 146 2582 ab
156 2531 208 2584 XV
217 2532 380 2597 pedibus-ad
390 2533 489 2599 viginti
501 2533 645 2584 columnae
657 2533 776 2584 altitudo
787 2533 913 2582 dimetia-

110 2607 159 2651 tuo
169 2600 306 2664 inpartes
320 2600 472 2662 tredecim,
486 2607 515 2650 et
531 2602 612 2651 unius
628 2602 716 2666 partis
728 2599 846 2650 altitudo
857 2600 912 2665 epi-

109 2666 264 2732 styliiliat:
284 2667 351 2716 item
363 2669 387 2717 si
399 2667 478 2716 axx
486 2667 521 2717 ad
531 2667 611 2718 XXV
619 2667 713 2733 pedes,
726 2666 913 2719 dividatur-al-

109 2733 200 2784 titudo
218 2734 247 2783 in
261 2740 355 2798 partes
371 2734 519 2785 duodecim
529 2741 558 2784 et
569 2736 728 2797 semissem,
744 2735 843 2786 eteius
860 2749 920 2789 una.
