2054 3090
269 181 395 234 121qu
413 178 478 234 vll.
507 181 750 234 PRhEFrlTlO.
864 179 911 232 143

109 283 272 335 marmoreis
288 284 419 350 operibus
431 291 544 335 ornatae
556 284 770 352 dispositiones,
785 299 800 334 e
812 284 910 350 quibus

110 350 223 416 proprie
237 352 271 401 (le
287 350 331 402 his
346 353 552 402 nominationes
567 352 724 403 clarissima
737 351 811 401 fama
824 353 910 401 nomi-

110 424 218 469 nantur.
255 418 379 478 Quorum
403 420 587 470 excellentiae
605 420 811 535 prudentesque
835 419 910 484 eogi-

111 485 246 535 tationum
271 493 419 552 apparatus
442 493 588 553 suspectus
631 487 715 537 abent
739 487 767 535 in
796 486 911 535 deorum

110 553 288 602 sessimonio.
325 551 502 620 Primumque
512 555 598 605 aedes
607 551 710 620 Ephesi
721 553 828 602 Dianae
839 553 910 601 loni-

110 635 143 668 co
155 633 258 685 genere
269 635 286 669 a
296 617 501 685 Chersiphrone
513 620 620 671 Gnosio
636 626 665 671 et
678 620 737 671 illio
753 620 813 670 eius
824 620 911 669 Meta·

110 700 182 752 gene
201 691 246 736 est
263 687 403 752 instituta3
428 702 509 753 quam
528 693 627 753 postea
646 686 805 738 Demetrius
823 687 911 752 ipsius

111 753 217 802 llianae
228 750 324 803 serras
337 761 365 804 et
376 753 516 805 Paeonius
528 753 663 820 Ephesius
678 756 808 806 dicuntur
821 753 911 820 perie-

110 821 193 869 cisse.
228 820 321 870 Mileti
330 822 451 887 Apollini
461 822 526 872 item
535 822 641 872 -lonicis
653 822 822 888 symmetriis
837 822 910 871 idem

113 886 252 936 Paeonius
266 885 446 954 Daphnisque
460 889 588 940 Milesius
603 890 794 939 instituerunt.
831 889 910 938 Eleu-

110 955 170 1002 sine
182 953 291 1004 Cereris
303 960 331 1005 et
340 954 526 1021 Proserpinae
537 957 636 1007 cellam
650 957 762 1006 immani
774 956 910 1021 magnitu-

111 1021 175 1070 dine
186 1020 290 1071 lctinus
301 1021 406 1072 Dorico
418 1038 494 1073 more
505 1024 565 1073 sine
576 1023 763 1074 exterioribus
774 1022 910 1072 columnis

112 1088 147 1138 ad
165 1088 350 1138 laxamentum
373 1105 440 1139 usus
464 1090 664 1140 sacrificiorum
701 1089 832 1140 ertexuit.
869 1089 909 1138 li.

113 1156 178 1205 llam
192 1161 283 1206 autem
297 1162 409 1221 postea,
425 1172 485 1206 cum
497 1156 687 1208 DemetriusP
709 1158 819 1206 alereus
829 1154 910 1206 Athe-

112 1219 154 1271 nis
164 1236 257 1273 rerum
266 1223 417 1290 potiretur,
432 1222 545 1284 Philon,
561 1231 624 1274 ante
635 1225 767 1289 templum
778 1224 805 1272 in
817 1223 910 1272 fronte

112 1290 249 1340 columnis
263 1291 436 1353 constitutis,
454 1292 600 1358 prostylon
614 1291 694 1341 fecit:
714 1292 755 1341 ita
768 1297 850 1340 aucto
865 1305 910 1340 ve-

111 1355 215 1406 stibulo
234 1358 419 1408 laxamentum
433 1358 606 1409 initiantibus
626 1359 758 1424 operique
778 1372 910 1407 summam

112 1424 216 1474 adiecit
229 1426 433 1476 auctoritatem.
469 1426 499 1475 ln
518 1433 582 1492 asty
600 1441 666 1476 vero
683 1425 840 1491 Olympium
855 1440 909 1474 anr-

113 1490 158 1555 plo
178 1492 354 1543 modulorum
370 1500 545 1559 comparatu,
566 1491 718 1544 Corinthiis
738 1493 908 1559 symmetriis

113 1564 141 1606 et
154 1559 383 1624 proportionibus
399 1561 450 1621 (uti
466 1561 696 1627 suprascriptum
715 1564 771 1623 est)
791 1559 909 1611 archite-

111 1626 240 1676 ctandum
264 1626 411 1677 Cossutius
436 1629 593 1695 suscepisse
620 1634 802 1679 memoratur:
830 1629 909 1678 euius

110 1693 336 1743 commentarium
356 1695 459 1744 nullum
475 1703 518 1745 est
531 1697 678 1746 inventum.
716 1695 774 1745 Neo
788 1701 879 1744 tamen
894 1710 910 1743 a

111 1760 241 1810 Cossutio
256 1760 347 1811 solum
362 1762 396 1810 (le
411 1759 454 1812 his
468 1762 551 1812 rebus
561 1763 665 1827 scripta
675 1769 740 1812 sunt
750 1761 909 1811 desideran-

110 1828 158 1885 da,
169 1828 219 1878 sed
234 1827 318 1877 etiam
333 1828 389 1878 aG.
400 1828 504 1890 Mutio,
519 1829 565 1895 qui
579 1844 679 1895 magna
693 1828 811 1878 scientia
825 1828 909 1877 conii-

110 1909 157 1942 sus
171 1894 256 1943 aedes
266 1893 391 1944 Honoris
407 1900 435 1944 et
443 1894 563 1946 Virtutis
573 1896 714 1945 Marianae
729 1895 818 1944 cellae
834 1895 909 1943 colu·

110 1973 288 2027 mnarumque
312 1966 341 2010 et
360 1961 553 2027 epistyliorum
576 1962 752 2028 symmetrias
775 1961 909 2028 legitimis

111 2027 179 2076 artis
201 2026 338 2077 institutis
361 2027 487 2094 perfecit.
523 2028 554 2079 ld
582 2044 649 2078 vero
673 2030 698 2077 si
725 2042 908 2078 marmoreum

110 2095 225 2156 fuisset,
245 2101 276 2144 ut
289 2092 417 2157 haberet,
432 2097 662 2162 quemadmodum
678 2094 711 2144 ab
727 2102 786 2145 arte
801 2095 909 2145 subtili-

110 2168 197 2212 tatem
217 2161 259 2211 sic
276 2161 310 2210 ab
329 2163 537 2228 magnificentia
555 2168 584 2213 et
601 2163 734 2227 impensis
757 2163 908 2212 auctorita-

111 2237 179 2290 tem,
201 2230 230 2281 in
253 2228 348 2295 primis
373 2238 401 2279 et
419 2231 532 2280 summis
556 2229 686 2295 operibus
710 2230 907 2280 nominaretur.

113 2297 151 2346 18.
171 2295 239 2347 Cum
254 2310 322 2362 ergo
338 2303 366 2347 et
379 2297 485 2363 antiqui
500 2297 589 2347 nostri
602 2297 778 2347 inveniantur
791 2312 846 2346 non
860 2297 908 2346 mi·

112 2380 162 2413 nus
176 2378 257 2430 quam
272 2363 373 2414 Graeci
387 2362 475 2415 fuisse
489 2365 581 2480 maqnl
595 2363 755 2426 architecti,
771 2370 799 2414 et
813 2369 910 2414 nostra

109 2431 244 2480 memoria
258 2431 326 2481 satis
340 2432 432 2494 multi,
448 2437 525 2482 etex
557 2432 581 2481 is
595 2431 675 2497 pauci
689 2436 839 2497 praecepta
852 2431 909 2481 edi-

110 2499 229 2560 dissent,
244 2512 300 2547 non
310 2499 405 2563 putavi
415 2499 564 2560 silendum,
580 2499 629 2549 sed
639 2497 775 2564 disposite
790 2497 909 2564 singulis

111 2565 296 2615 voluminibus
310 2567 344 2616 de
360 2566 478 2634 singulis
493 2565 695 2632 exponendum.
731 2565 828 2630 ltaque
842 2579 909 2630 quo·

109 2634 183 2684 niam
193 2638 274 2684 sexto
288 2634 429 2683 volumine
439 2634 610 2700 privatorum
620 2633 811 2684 aedificiorum
825 2631 909 2682 ratio·

109 2715 159 2752 nes
168 2699 333 2770 perscripsi,
348 2701 377 2751 in
388 2699 441 2753 hoo
452 2702 497 2768 qui
509 2702 656 2769 septimum
666 2705 744 2751 tenet
757 2713 910 2756 numerum,
