<?xml version="1.0" encoding="UTF-8"?>
<!DOCTYPE html PUBLIC "-//W3C//DTD XHTML 1.0 Transitional//EN"
    "http://www.w3.org/TR/xhtml1/DTD/xhtml1-transitional.dtd">
<html xmlns="http://www.w3.org/1999/xhtml" xml:lang="en" lang="en">
 <head>
  <title>
</title>
<meta http-equiv="Content-Type" content="text/html;charset=utf-8" />
  <meta name='ocr-system' content='tesseract 3.04.00' />
  <meta name='ocr-capabilities' content='ocr_page ocr_carea ocr_par ocr_line ocrx_word'/>
</head>
<body>
  <div class='ocr_page' id='page_1' title='image "./dearchitectural00pollgoog_0014.png"; bbox 0 0 2054 3090; ppageno 0'>
   <div class='ocr_carea' id='block_1_1' title="bbox 312 171 873 235">
    <p class='ocr_par' dir='ltr' id='par_1_1' title="bbox 312 171 873 235">
     <span class='ocr_line' id='line_1_1' title="bbox 312 171 873 235; baseline 0 -4"><span class='ocrx_word' id='word_1_1' title='bbox 312 173 476 235; x_wconf 66' lang='lat' dir='ltr'><strong>tincas</strong></span> <span class='ocrx_word' id='word_1_2' title='bbox 505 174 635 231; x_wconf 69' lang='lat' dir='ltr'><strong>GARI.</strong></span> <span class='ocrx_word' id='word_1_3' title='bbox 675 199 693 209; x_wconf 93' lang='lat'><strong>··</strong></span> <span class='ocrx_word' id='word_1_4' title='bbox 856 171 873 231; x_wconf 68' lang='lat'><em>8</em></span> 
     </span>
    </p>
   </div>
   <div class='ocr_carea' id='block_1_2' title="bbox 60 273 928 2793">
    <p class='ocr_par' dir='ltr' id='par_1_2' title="bbox 65 273 873 1158">
     <span class='ocr_line' id='line_1_2' title="bbox 69 273 873 346; baseline -0.002 -13"><span class='ocrx_word' id='word_1_5' title='bbox 69 279 166 343; x_wconf 55' lang='lat' dir='ltr'><strong>patet}</strong></span> <span class='ocrx_word' id='word_1_6' title='bbox 174 289 239 331; x_wconf 73' lang='lat' dir='ltr'><strong>esst</strong></span> <span class='ocrx_word' id='word_1_7' title='bbox 248 273 420 337; x_wconf 64' lang='lat' dir='ltr'><strong>architectus</strong></span> <span class='ocrx_word' id='word_1_8' title='bbox 429 277 636 346; x_wconf 75' lang='lat' dir='ltr'><strong>grammaticas,</strong></span> <span class='ocrx_word' id='word_1_9' title='bbox 648 275 873 331; x_wconf 75' lang='lat' dir='ltr'><strong>utifruttristnr·</strong></span> 
     </span>
     <span class='ocr_line' id='line_1_3' title="bbox 70 340 873 412; baseline 0.002 -16"><span class='ocrx_word' id='word_1_10' title='bbox 70 340 151 407; x_wconf 68' lang='lat' dir='ltr'><strong>chris.</strong></span> <span class='ocrx_word' id='word_1_11' title='bbox 156 343 270 399; x_wconf 77' lang='lat' dir='ltr'><strong>sadaca</strong></span> <span class='ocrx_word' id='word_1_12' title='bbox 281 352 480 412; x_wconf 67' lang='lat' dir='ltr'><strong>agrammatus:</strong></span> <span class='ocrx_word' id='word_1_13' title='bbox 491 360 543 399; x_wconf 88' lang='lat' dir='ltr'><strong>nsc</strong></span> <span class='ocrx_word' id='word_1_14' title='bbox 552 346 684 409; x_wconf 68' lang='lat' dir='ltr'><strong>musicus</strong></span> <span class='ocrx_word' id='word_1_15' title='bbox 695 345 873 401; x_wconf 79' lang='lat' dir='ltr'><strong>utAristoxe-</strong></span> 
     </span>
     <span class='ocr_line' id='line_1_4' title="bbox 68 411 872 482; baseline 0.004 -21"><span class='ocrx_word' id='word_1_16' title='bbox 68 411 800 482; x_wconf 61' lang='lat' dir='ltr'><strong>nuassdsossnusssznsspieun,mopsuessso</strong></span> <span class='ocrx_word' id='word_1_17' title='bbox 845 430 872 465; x_wconf 87' lang='lat' dir='ltr'><strong>a·</strong></span> 
     </span>
     <span class='ocr_line' id='line_1_5' title="bbox 68 477 871 550; baseline 0.002 -19"><span class='ocrx_word' id='word_1_18' title='bbox 68 477 170 545; x_wconf 66' lang='lat' dir='ltr'><strong>phidus</strong></span> <span class='ocrx_word' id='word_1_19' title='bbox 186 493 243 537; x_wconf 83' lang='lat' dir='ltr'><strong>oon</strong></span> <span class='ocrx_word' id='word_1_20' title='bbox 260 481 299 531; x_wconf 91' lang='lat' dir='ltr'><strong>im</strong></span> <span class='ocrx_word' id='word_1_21' title='bbox 319 481 418 534; x_wconf 80' lang='lat' dir='ltr'><strong>eritas:</strong></span> <span class='ocrx_word' id='word_1_22' title='bbox 438 496 492 533; x_wconf 85' lang='lat' dir='ltr'><strong>nec</strong></span> <span class='ocrx_word' id='word_1_23' title='bbox 506 482 626 548; x_wconf 74' lang='lat' dir='ltr'><strong>plastes,</strong></span> <span class='ocrx_word' id='word_1_24' title='bbox 641 481 805 550; x_wconf 73' lang='lat' dir='ltr'><strong>quemadmo</strong></span> <span class='ocrx_word' id='word_1_25' title='bbox 827 498 871 533; x_wconf 92' lang='lat' dir='ltr'><strong>um</strong></span> 
     </span>
     <span class='ocr_line' id='line_1_6' title="bbox 67 496 871 616; baseline 0.002 -18"><span class='ocrx_word' id='word_1_26' title='bbox 67 546 171 614; x_wconf 73' lang='lat' dir='ltr'><strong>Myron</strong></span> <span class='ocrx_word' id='word_1_27' title='bbox 189 561 240 599; x_wconf 83' lang='lat' dir='ltr'><strong>seu</strong></span> <span class='ocrx_word' id='word_1_28' title='bbox 258 496 434 615; x_wconf 53' lang='lat' dir='ltr'><strong>Pofycletus,</strong></span> <span class='ocrx_word' id='word_1_29' title='bbox 455 549 644 602; x_wconf 77' lang='lat' dir='ltr'><strong>sacrationis</strong></span> <span class='ocrx_word' id='word_1_30' title='bbox 662 549 798 616; x_wconf 79' lang='lat' dir='ltr'>plasticae</span> <span class='ocrx_word' id='word_1_31' title='bbox 816 565 871 601; x_wconf 91' lang='lat' dir='ltr'><strong>non</strong></span> 
     </span>
     <span class='ocr_line' id='line_1_7' title="bbox 67 614 871 685; baseline 0.005 -20"><span class='ocrx_word' id='word_1_32' title='bbox 67 615 196 683; x_wconf 76' lang='lat' dir='ltr'><strong>ignarus:</strong></span> <span class='ocrx_word' id='word_1_33' title='bbox 208 629 261 669; x_wconf 82' lang='lat' dir='ltr'><strong>rec</strong></span> <span class='ocrx_word' id='word_1_34' title='bbox 267 614 357 668; x_wconf 89' lang='lat' dir='ltr'><strong>denuo</strong></span> <span class='ocrx_word' id='word_1_35' title='bbox 363 616 498 680; x_wconf 83' lang='lat' dir='ltr'><strong>medicus,</strong></span> <span class='ocrx_word' id='word_1_36' title='bbox 508 617 744 685; x_wconf 79' lang='lat' dir='ltr'><strong>utflippocratss,</strong></span> <span class='ocrx_word' id='word_1_37' title='bbox 755 617 871 669; x_wconf 91' lang='lat' dir='ltr'><strong>sednon</strong></span> 
     </span>
     <span class='ocr_line' id='line_1_8' title="bbox 67 682 870 754; baseline 0 -17"><span class='ocrx_word' id='word_1_38' title='bbox 67 682 308 751; x_wconf 73' lang='lat' dir='ltr'><strong>anisonlogetos:</strong></span> <span class='ocrx_word' id='word_1_39' title='bbox 325 699 377 736; x_wconf 89' lang='lat' dir='ltr'><strong>nec</strong></span> <span class='ocrx_word' id='word_1_40' title='bbox 392 687 422 737; x_wconf 87' lang='lat' dir='ltr'><strong>in</strong></span> <span class='ocrx_word' id='word_1_41' title='bbox 433 686 536 737; x_wconf 86' lang='lat' dir='ltr'><strong>ceteris</strong></span> <span class='ocrx_word' id='word_1_42' title='bbox 547 686 684 737; x_wconf 80' lang='lat' dir='ltr'><strong>doctrinis</strong></span> <span class='ocrx_word' id='word_1_43' title='bbox 694 685 814 754; x_wconf 84' lang='lat' dir='ltr'><strong>singulis</strong></span> <span class='ocrx_word' id='word_1_44' title='bbox 825 701 870 737; x_wconf 80' lang='lat' dir='ltr'><strong>ex·</strong></span> 
     </span>
     <span class='ocr_line' id='line_1_9' title="bbox 67 749 871 820; baseline 0.001 -18"><span class='ocrx_word' id='word_1_45' title='bbox 67 750 184 814; x_wconf 67' lang='lat' dir='ltr'><strong>celime,</strong></span> <span class='ocrx_word' id='word_1_46' title='bbox 195 750 246 803; x_wconf 83' lang='lat' dir='ltr'><strong>scd</strong></span> <span class='ocrx_word' id='word_1_47' title='bbox 255 752 284 803; x_wconf 86' lang='lat' dir='ltr'><strong>in</strong></span> <span class='ocrx_word' id='word_1_48' title='bbox 294 749 339 804; x_wconf 90' lang='lat' dir='ltr'><strong>his</strong></span> <span class='ocrx_word' id='word_1_49' title='bbox 348 767 403 804; x_wconf 86' lang='lat' dir='ltr'><strong>non</strong></span> <span class='ocrx_word' id='word_1_50' title='bbox 412 753 567 820; x_wconf 86' lang='lat' dir='ltr'><strong>imperitus.</strong></span> <span class='ocrx_word' id='word_1_51' title='bbox 588 752 652 806; x_wconf 93' lang='lat' dir='ltr'><strong>Non</strong></span> <span class='ocrx_word' id='word_1_52' title='bbox 663 754 737 804; x_wconf 88' lang='lat' dir='ltr'><strong>enim</strong></span> <span class='ocrx_word' id='word_1_53' title='bbox 747 753 871 805; x_wconf 81' lang='lat' dir='ltr'><strong>intentis</strong></span> 
     </span>
     <span class='ocr_line' id='line_1_10' title="bbox 67 819 870 889; baseline 0.001 -20"><span class='ocrx_word' id='word_1_54' title='bbox 67 832 160 874; x_wconf 80' lang='lat' dir='ltr'><strong>rerum</strong></span> <span class='ocrx_word' id='word_1_55' title='bbox 178 819 360 872; x_wconf 77' lang='lat' dir='ltr'><strong>varietatibus</strong></span> <span class='ocrx_word' id='word_1_56' title='bbox 380 821 536 889; x_wconf 75' lang='lat' dir='ltr'>elegantias</span> <span class='ocrx_word' id='word_1_57' title='bbox 551 821 708 889; x_wconf 78' lang='lat' dir='ltr'><strong>singulares</strong></span> <span class='ocrx_word' id='word_1_58' title='bbox 725 821 870 889; x_wconf 86' lang='lat' dir='ltr'><strong>quisquam</strong></span> 
     </span>
     <span class='ocr_line' id='line_1_11' title="bbox 67 886 871 955; baseline -0.001 -16"><span class='ocrx_word' id='word_1_59' title='bbox 67 886 203 953; x_wconf 75' lang='lat' dir='ltr'>consequi</span> <span class='ocrx_word' id='word_1_60' title='bbox 213 893 322 953; x_wconf 86' lang='lat' dir='ltr'><strong>potest,</strong></span> <span class='ocrx_word' id='word_1_61' title='bbox 332 889 407 955; x_wconf 85' lang='lat' dir='ltr'><strong>quod</strong></span> <span class='ocrx_word' id='word_1_62' title='bbox 421 904 515 940; x_wconf 86' lang='lat' dir='ltr'><strong>earum</strong></span> <span class='ocrx_word' id='word_1_63' title='bbox 525 889 757 941; x_wconf 79' lang='lat' dir='ltr'><strong>ratiocinationes</strong></span> <span class='ocrx_word' id='word_1_64' title='bbox 768 903 802 940; x_wconf 93' lang='lat' dir='ltr'><strong>co</strong></span> <span class='ocrx_word' id='word_1_65' title='bbox 824 904 871 938; x_wconf 91' lang='lat' dir='ltr'><strong>no·</strong></span> 
     </span>
     <span class='ocr_line' id='line_1_12' title="bbox 67 955 871 1023; baseline -0.001 -16"><span class='ocrx_word' id='word_1_66' title='bbox 67 968 147 1007; x_wconf 83' lang='lat' dir='ltr'><strong>scere</strong></span> <span class='ocrx_word' id='word_1_67' title='bbox 158 961 189 1007; x_wconf 90' lang='lat' dir='ltr'><strong>et</strong></span> <span class='ocrx_word' id='word_1_68' title='bbox 197 956 342 1022; x_wconf 78' lang='lat' dir='ltr'><strong>percipere</strong></span> <span class='ocrx_word' id='word_1_69' title='bbox 349 957 396 1011; x_wconf 83' lang='lat' dir='ltr'><strong>vix</strong></span> <span class='ocrx_word' id='word_1_70' title='bbox 406 957 482 1007; x_wconf 88' lang='lat' dir='ltr'><strong>cadit</strong></span> <span class='ocrx_word' id='word_1_71' title='bbox 496 958 525 1007; x_wconf 93' lang='lat' dir='ltr'><strong>in</strong></span> <span class='ocrx_word' id='word_1_72' title='bbox 538 963 716 1023; x_wconf 86' lang='lat' dir='ltr'><strong>potestatem.</strong></span> <span class='ocrx_word' id='word_1_73' title='bbox 753 955 793 1007; x_wconf 79' lang='lat'><strong>14.</strong></span> <span class='ocrx_word' id='word_1_74' title='bbox 812 990 821 1007; x_wconf 56' lang='lat' dir='ltr'><strong>t</strong></span> <span class='ocrx_word' id='word_1_75' title='bbox 839 971 871 1006; x_wconf 87' lang='lat' dir='ltr'><strong>ec</strong></span> 
     </span>
     <span class='ocr_line' id='line_1_13' title="bbox 65 1022 870 1091; baseline -0.001 -16"><span class='ocrx_word' id='word_1_76' title='bbox 65 1028 160 1075; x_wconf 71' lang='lat' dir='ltr'><strong>tamen</strong></span> <span class='ocrx_word' id='word_1_77' title='bbox 169 1037 225 1075; x_wconf 82' lang='lat' dir='ltr'><strong>aon</strong></span> <span class='ocrx_word' id='word_1_78' title='bbox 234 1028 342 1077; x_wconf 78' lang='lat' dir='ltr'><strong>tantum</strong></span> <span class='ocrx_word' id='word_1_79' title='bbox 353 1022 500 1076; x_wconf 80' lang='lat' dir='ltr'><strong>architecti</strong></span> <span class='ocrx_word' id='word_1_80' title='bbox 510 1039 566 1075; x_wconf 83' lang='lat' dir='ltr'><strong>non</strong></span> <span class='ocrx_word' id='word_1_81' title='bbox 575 1030 693 1091; x_wconf 84' lang='lat' dir='ltr'><strong>possunt</strong></span> <span class='ocrx_word' id='word_1_82' title='bbox 702 1025 732 1074; x_wconf 93' lang='lat' dir='ltr'><strong>in</strong></span> <span class='ocrx_word' id='word_1_83' title='bbox 743 1024 870 1077; x_wconf 83' lang='lat' dir='ltr'><strong>omnibus</strong></span> 
     </span>
     <span class='ocr_line' id='line_1_14' title="bbox 65 1087 868 1158; baseline -0.001 -17"><span class='ocrx_word' id='word_1_84' title='bbox 65 1090 151 1143; x_wconf 85' lang='lat' dir='ltr'><strong>rebus</strong></span> <span class='ocrx_word' id='word_1_85' title='bbox 164 1087 267 1143; x_wconf 85' lang='lat' dir='ltr'><strong>habere</strong></span> <span class='ocrx_word' id='word_1_86' title='bbox 278 1107 413 1143; x_wconf 90' lang='lat' dir='ltr'><strong>summurn</strong></span> <span class='ocrx_word' id='word_1_87' title='bbox 424 1090 569 1153; x_wconf 86' lang='lat' dir='ltr'><strong>effectum,</strong></span> <span class='ocrx_word' id='word_1_88' title='bbox 584 1092 634 1142; x_wconf 88' lang='lat' dir='ltr'><strong>sed</strong></span> <span class='ocrx_word' id='word_1_89' title='bbox 646 1093 730 1142; x_wconf 87' lang='lat' dir='ltr'><strong>etiam</strong></span> <span class='ocrx_word' id='word_1_90' title='bbox 739 1091 806 1158; x_wconf 90' lang='lat' dir='ltr'><strong>ipsi,</strong></span> <span class='ocrx_word' id='word_1_91' title='bbox 824 1091 868 1158; x_wconf 88' lang='lat' dir='ltr'><strong>qui</strong></span> 
     </span>
    </p>

    <p class='ocr_par' dir='ltr' id='par_1_3' title="bbox 101 1158 871 1225">
     <span class='ocr_line' id='line_1_15' title="bbox 101 1158 871 1225; baseline -0.001 -16"><span class='ocrx_word' id='word_1_92' title='bbox 101 1158 198 1211; x_wconf 78' lang='lat' dir='ltr'><strong>‘vatim</strong></span> <span class='ocrx_word' id='word_1_93' title='bbox 206 1160 394 1225; x_wconf 87' lang='lat' dir='ltr'><strong>proprietates</strong></span> <span class='ocrx_word' id='word_1_94' title='bbox 403 1165 501 1210; x_wconf 89' lang='lat' dir='ltr'><strong>tenent</strong></span> <span class='ocrx_word' id='word_1_95' title='bbox 510 1159 620 1222; x_wconf 89' lang='lat' dir='ltr'><strong>artium,</strong></span> <span class='ocrx_word' id='word_1_96' title='bbox 631 1174 687 1209; x_wconf 91' lang='lat' dir='ltr'><strong>non</strong></span> <span class='ocrx_word' id='word_1_97' title='bbox 698 1159 830 1220; x_wconf 87' lang='lat' dir='ltr'><strong>efficiunt,</strong></span> <span class='ocrx_word' id='word_1_98' title='bbox 841 1165 871 1208; x_wconf 89' lang='lat' dir='ltr'><strong>ut</strong></span> 
     </span>
    </p>

    <p class='ocr_par' dir='ltr' id='par_1_4' title="bbox 60 1225 928 2793">
     <span class='ocr_line' id='line_1_16' title="bbox 102 1225 870 1295; baseline -0.003 -16"><span class='ocrx_word' id='word_1_99' title='bbox 102 1225 189 1279; x_wconf 73' lang='lat' dir='ltr'><strong>hoaut</strong></span> <span class='ocrx_word' id='word_1_100' title='bbox 203 1241 299 1278; x_wconf 87' lang='lat' dir='ltr'><strong>omnes</strong></span> <span class='ocrx_word' id='word_1_101' title='bbox 317 1242 454 1277; x_wconf 83' lang='lat' dir='ltr'><strong>summum</strong></span> <span class='ocrx_word' id='word_1_102' title='bbox 462 1226 555 1282; x_wconf 87' lang='lat' dir='ltr'><strong>laudis</strong></span> <span class='ocrx_word' id='word_1_103' title='bbox 563 1226 758 1295; x_wconf 85' lang='lat' dir='ltr'><strong>principatum.</strong></span> <span class='ocrx_word' id='word_1_104' title='bbox 794 1225 870 1292; x_wconf 82' lang='lat' dir='ltr'><strong>Ergo</strong></span> 
     </span>
     <span class='ocr_line' id='line_1_17' title="bbox 66 1293 867 1362; baseline 0 -18"><span class='ocrx_word' id='word_1_105' title='bbox 66 1294 131 1347; x_wconf 86' lang='lat' dir='ltr'><strong>siin</strong></span> <span class='ocrx_word' id='word_1_106' title='bbox 140 1293 260 1361; x_wconf 76' lang='lat' dir='ltr'><strong>singulis</strong></span> <span class='ocrx_word' id='word_1_107' title='bbox 271 1294 405 1346; x_wconf 84' lang='lat' dir='ltr'><strong>doctrinis</strong></span> <span class='ocrx_word' id='word_1_108' title='bbox 416 1293 518 1362; x_wconf 79' lang='lat' dir='ltr'><strong>singuli</strong></span> <span class='ocrx_word' id='word_1_109' title='bbox 530 1293 652 1346; x_wconf 84' lang='lat' dir='ltr'><strong>artifices</strong></span> <span class='ocrx_word' id='word_1_110' title='bbox 667 1309 756 1362; x_wconf 89' lang='lat' dir='ltr'><strong>neque</strong></span> <span class='ocrx_word' id='word_1_111' title='bbox 772 1309 867 1347; x_wconf 85' lang='lat' dir='ltr'><strong>omnes</strong></span> 
     </span>
     <span class='ocr_line' id='line_1_18' title="bbox 65 1362 867 1429; baseline 0.001 -17"><span class='ocrx_word' id='word_1_112' title='bbox 65 1362 116 1412; x_wconf 88' lang='lat' dir='ltr'><strong>sod</strong></span> <span class='ocrx_word' id='word_1_113' title='bbox 129 1362 213 1428; x_wconf 81' lang='lat' dir='ltr'><strong>pauci</strong></span> <span class='ocrx_word' id='word_1_114' title='bbox 223 1377 292 1412; x_wconf 83' lang='lat' dir='ltr'><strong>aevo</strong></span> <span class='ocrx_word' id='word_1_115' title='bbox 307 1369 443 1429; x_wconf 89' lang='lat' dir='ltr'><strong>perpetuo</strong></span> <span class='ocrx_word' id='word_1_116' title='bbox 453 1362 630 1414; x_wconf 86' lang='lat' dir='ltr'><strong>nobilitatem</strong></span> <span class='ocrx_word' id='word_1_117' title='bbox 640 1362 687 1414; x_wconf 84' lang='lat' dir='ltr'><strong>rix</strong></span> <span class='ocrx_word' id='word_1_118' title='bbox 697 1369 761 1414; x_wconf 86' lang='lat' dir='ltr'><strong>sunt</strong></span> <span class='ocrx_word' id='word_1_119' title='bbox 771 1377 867 1413; x_wconf 90' lang='lat' dir='ltr'><strong>conse-</strong></span> 
     </span>
     <span class='ocr_line' id='line_1_19' title="bbox 66 1428 868 1498; baseline 0.001 -18"><span class='ocrx_word' id='word_1_120' title='bbox 66 1429 132 1492; x_wconf 87' lang='lat' dir='ltr'><strong>cuti,</strong></span> <span class='ocrx_word' id='word_1_121' title='bbox 143 1430 375 1495; x_wconf 87' lang='lat' dir='ltr'><strong>quemadmodum</strong></span> <span class='ocrx_word' id='word_1_122' title='bbox 384 1436 479 1497; x_wconf 89' lang='lat' dir='ltr'><strong>potest</strong></span> <span class='ocrx_word' id='word_1_123' title='bbox 488 1428 671 1494; x_wconf 83' lang='lat' dir='ltr'><strong>architectus,</strong></span> <span class='ocrx_word' id='word_1_124' title='bbox 688 1431 735 1497; x_wconf 93' lang='lat' dir='ltr'><strong>qui</strong></span> <span class='ocrx_word' id='word_1_125' title='bbox 743 1430 868 1498; x_wconf 86' lang='lat' dir='ltr'><strong>pluribus</strong></span> 
     </span>
     <span class='ocr_line' id='line_1_20' title="bbox 66 1496 868 1566; baseline -0.001 -17"><span class='ocrx_word' id='word_1_126' title='bbox 66 1496 172 1549; x_wconf 89' lang='lat' dir='ltr'><strong>artibus</strong></span> <span class='ocrx_word' id='word_1_127' title='bbox 186 1496 271 1548; x_wconf 88' lang='lat' dir='ltr'><strong>debet</strong></span> <span class='ocrx_word' id='word_1_128' title='bbox 286 1499 484 1565; x_wconf 88' lang='lat' dir='ltr'><strong>esseperitus,</strong></span> <span class='ocrx_word' id='word_1_129' title='bbox 505 1515 561 1551; x_wconf 87' lang='lat' dir='ltr'><strong>non</strong></span> <span class='ocrx_word' id='word_1_130' title='bbox 574 1499 604 1550; x_wconf 92' lang='lat' dir='ltr'><strong>id</strong></span> <span class='ocrx_word' id='word_1_131' title='bbox 617 1500 710 1566; x_wconf 88' lang='lat' dir='ltr'><strong>ipsum</strong></span> <span class='ocrx_word' id='word_1_132' title='bbox 723 1499 820 1549; x_wconf 88' lang='lat' dir='ltr'><strong>mirum</strong></span> <span class='ocrx_word' id='word_1_133' title='bbox 837 1514 868 1548; x_wconf 84' lang='lat' dir='ltr'><strong>ac</strong></span> 
     </span>
     <span class='ocr_line' id='line_1_21' title="bbox 65 1564 870 1634; baseline 0 -19"><span class='ocrx_word' id='word_1_134' title='bbox 65 1580 194 1632; x_wconf 82' lang='lat' dir='ltr'><strong>magnum</strong></span> <span class='ocrx_word' id='word_1_135' title='bbox 204 1565 307 1629; x_wconf 87' lang='lat' dir='ltr'><strong>facere,</strong></span> <span class='ocrx_word' id='word_1_136' title='bbox 322 1581 357 1618; x_wconf 87' lang='lat' dir='ltr'><strong>nc</strong></span> <span class='ocrx_word' id='word_1_137' title='bbox 368 1567 434 1634; x_wconf 92' lang='lat' dir='ltr'><strong>quid</strong></span> <span class='ocrx_word' id='word_1_138' title='bbox 445 1582 481 1618; x_wconf 85' lang='lat' dir='ltr'><strong>ex</strong></span> <span class='ocrx_word' id='word_1_139' title='bbox 489 1564 532 1619; x_wconf 88' lang='lat' dir='ltr'><strong>his</strong></span> <span class='ocrx_word' id='word_1_140' title='bbox 542 1567 678 1634; x_wconf 75' lang='lat' dir='ltr'><strong>indigeat,</strong></span> <span class='ocrx_word' id='word_1_141' title='bbox 684 1567 735 1618; x_wconf 88' lang='lat' dir='ltr'><strong>sed</strong></span> <span class='ocrx_word' id='word_1_142' title='bbox 746 1567 828 1618; x_wconf 86' lang='lat' dir='ltr'><strong>etiam</strong></span> <span class='ocrx_word' id='word_1_143' title='bbox 840 1573 870 1616; x_wconf 92' lang='lat' dir='ltr'><strong>ut</strong></span> 
     </span>
     <span class='ocr_line' id='line_1_22' title="bbox 66 1632 928 1703; baseline -0.001 -20"><span class='ocrx_word' id='word_1_144' title='bbox 66 1632 289 1684; x_wconf 85' lang='lat' dir='ltr'><strong>omnesartihces</strong></span> <span class='ocrx_word' id='word_1_145' title='bbox 298 1641 420 1700; x_wconf 90' lang='lat' dir='ltr'><strong>superet,</strong></span> <span class='ocrx_word' id='word_1_146' title='bbox 429 1634 869 1703; x_wconf 88' lang='lat' dir='ltr'><strong>quisingulisdoctrinisassidui·</strong></span> <span class='ocrx_word' id='word_1_147' title='bbox 920 1677 928 1694; x_wconf 85' lang='grc'><em>,</em></span> 
     </span>
     <span class='ocr_line' id='line_1_23' title="bbox 65 1701 871 1769; baseline -0.002 -17"><span class='ocrx_word' id='word_1_148' title='bbox 65 1707 151 1752; x_wconf 86' lang='lat' dir='ltr'><strong>tatem</strong></span> <span class='ocrx_word' id='word_1_149' title='bbox 165 1717 227 1751; x_wconf 90' lang='lat' dir='ltr'><strong>cum</strong></span> <span class='ocrx_word' id='word_1_150' title='bbox 241 1701 380 1753; x_wconf 86' lang='lat' dir='ltr'><strong>industria</strong></span> <span class='ocrx_word' id='word_1_151' title='bbox 392 1719 497 1753; x_wconf 89' lang='lat' dir='ltr'><strong>summa</strong></span> <span class='ocrx_word' id='word_1_152' title='bbox 506 1702 723 1769; x_wconf 63' lang='lat' dir='ltr'><strong>praestiterunt?</strong></span> <span class='ocrx_word' id='word_1_153' title='bbox 758 1702 799 1752; x_wconf 82' lang='lat'><strong>15.</strong></span> <span class='ocrx_word' id='word_1_154' title='bbox 817 1701 871 1768; x_wconf 78' lang='lat' dir='ltr'><strong>lgi-</strong></span> 
     </span>
     <span class='ocr_line' id='line_1_24' title="bbox 65 1767 870 1837; baseline -0.004 -17"><span class='ocrx_word' id='word_1_155' title='bbox 65 1776 110 1820; x_wconf 89' lang='lat' dir='ltr'><strong>tur</strong></span> <span class='ocrx_word' id='word_1_156' title='bbox 124 1769 155 1819; x_wconf 90' lang='lat' dir='ltr'><strong>in</strong></span> <span class='ocrx_word' id='word_1_157' title='bbox 170 1767 222 1819; x_wconf 87' lang='lat' dir='ltr'><strong>hac</strong></span> <span class='ocrx_word' id='word_1_158' title='bbox 231 1784 261 1820; x_wconf 89' lang='lat' dir='ltr'><strong>re</strong></span> <span class='ocrx_word' id='word_1_159' title='bbox 273 1769 392 1836; x_wconf 84' lang='lat' dir='ltr'><strong>Pythius</strong></span> <span class='ocrx_word' id='word_1_160' title='bbox 405 1786 513 1822; x_wconf 90' lang='lat' dir='ltr'><strong>errasse</strong></span> <span class='ocrx_word' id='word_1_161' title='bbox 525 1771 648 1834; x_wconf 87' lang='lat' dir='ltr'><strong>videtur,</strong></span> <span class='ocrx_word' id='word_1_162' title='bbox 664 1770 738 1837; x_wconf 90' lang='lat' dir='ltr'><strong>quod</strong></span> <span class='ocrx_word' id='word_1_163' title='bbox 749 1785 804 1821; x_wconf 90' lang='lat' dir='ltr'><strong>non</strong></span> <span class='ocrx_word' id='word_1_164' title='bbox 814 1769 870 1818; x_wconf 87' lang='lat' dir='ltr'><strong>ani-</strong></span> 
     </span>
     <span class='ocr_line' id='line_1_25' title="bbox 65 1836 870 1906; baseline -0.004 -18"><span class='ocrx_word' id='word_1_165' title='bbox 65 1836 489 1889; x_wconf 82' lang='lat' dir='ltr'><strong>madverteritexduabusrebus</strong></span> <span class='ocrx_word' id='word_1_166' title='bbox 500 1839 627 1906; x_wconf 83' lang='lat' dir='ltr'><strong>singulas</strong></span> <span class='ocrx_word' id='word_1_167' title='bbox 638 1845 713 1889; x_wconf 91' lang='lat' dir='ltr'><strong>artes</strong></span> <span class='ocrx_word' id='word_1_168' title='bbox 724 1853 786 1888; x_wconf 89' lang='lat' dir='ltr'><strong>esse</strong></span> <span class='ocrx_word' id='word_1_169' title='bbox 798 1853 870 1887; x_wconf 85' lang='lat' dir='ltr'><strong>conr-</strong></span> 
     </span>
     <span class='ocr_line' id='line_1_26' title="bbox 65 1903 869 1972; baseline -0.004 -16"><span class='ocrx_word' id='word_1_170' title='bbox 65 1905 182 1972; x_wconf 89' lang='lat' dir='ltr'><strong>positas,</strong></span> <span class='ocrx_word' id='word_1_171' title='bbox 190 1919 225 1956; x_wconf 84' lang='lat' dir='ltr'><strong>cx</strong></span> <span class='ocrx_word' id='word_1_172' title='bbox 235 1920 320 1971; x_wconf 87' lang='lat' dir='ltr'><strong>opere</strong></span> <span class='ocrx_word' id='word_1_173' title='bbox 329 1915 357 1956; x_wconf 90' lang='lat' dir='ltr'><strong>et</strong></span> <span class='ocrx_word' id='word_1_174' title='bbox 367 1908 428 1957; x_wconf 88' lang='lat' dir='ltr'><strong>eius</strong></span> <span class='ocrx_word' id='word_1_175' title='bbox 438 1907 667 1970; x_wconf 84' lang='lat' dir='ltr'><strong>ratiocinatione3</strong></span> <span class='ocrx_word' id='word_1_176' title='bbox 680 1920 715 1957; x_wconf 85' lang='lat' dir='ltr'><strong>ex</strong></span> <span class='ocrx_word' id='word_1_177' title='bbox 725 1903 768 1955; x_wconf 91' lang='lat' dir='ltr'><strong>his</strong></span> <span class='ocrx_word' id='word_1_178' title='bbox 780 1910 869 1955; x_wconf 87' lang='lat' dir='ltr'><strong>autem</strong></span> 
     </span>
     <span class='ocr_line' id='line_1_27' title="bbox 65 1972 871 2040; baseline -0.004 -16"><span class='ocrx_word' id='word_1_179' title='bbox 65 1988 149 2024; x_wconf 89' lang='lat' dir='ltr'><strong>unum</strong></span> <span class='ocrx_word' id='word_1_180' title='bbox 164 1973 307 2039; x_wconf 92' lang='lat' dir='ltr'><strong>proprium</strong></span> <span class='ocrx_word' id='word_1_181' title='bbox 323 1989 384 2024; x_wconf 89' lang='lat' dir='ltr'><strong>esse</strong></span> <span class='ocrx_word' id='word_1_182' title='bbox 400 1988 510 2036; x_wconf 82' lang='lat' dir='ltr'><strong>corum,</strong></span> <span class='ocrx_word' id='word_1_183' title='bbox 527 1976 575 2040; x_wconf 90' lang='lat' dir='ltr'><strong>qui</strong></span> <span class='ocrx_word' id='word_1_184' title='bbox 586 1972 704 2039; x_wconf 85' lang='lat' dir='ltr'><strong>singulis</strong></span> <span class='ocrx_word' id='word_1_185' title='bbox 714 1973 797 2022; x_wconf 86' lang='lat' dir='ltr'><strong>rebus</strong></span> <span class='ocrx_word' id='word_1_186' title='bbox 809 1979 871 2022; x_wconf 85' lang='lat' dir='ltr'><strong>sunt</strong></span> 
     </span>
     <span class='ocr_line' id='line_1_28' title="bbox 66 2040 869 2107; baseline -0.005 -15"><span class='ocrx_word' id='word_1_187' title='bbox 66 2041 226 2101; x_wconf 81' lang='lat' dir='ltr'><strong>exercitati,</strong></span> <span class='ocrx_word' id='word_1_188' title='bbox 241 2040 270 2090; x_wconf 92' lang='lat' dir='ltr'><strong>id</strong></span> <span class='ocrx_word' id='word_1_189' title='bbox 282 2046 325 2090; x_wconf 85' lang='lat' dir='ltr'><strong>cst</strong></span> <span class='ocrx_word' id='word_1_190' title='bbox 335 2042 427 2107; x_wconf 90' lang='lat' dir='ltr'><strong>operis</strong></span> <span class='ocrx_word' id='word_1_191' title='bbox 439 2040 583 2103; x_wconf 79' lang='lat' dir='ltr'><strong>effectum,</strong></span> <span class='ocrx_word' id='word_1_192' title='bbox 598 2040 716 2090; x_wconf 86' lang='lat' dir='ltr'><strong>alterum</strong></span> <span class='ocrx_word' id='word_1_193' title='bbox 726 2055 869 2090; x_wconf 83' lang='lat' dir='ltr'><strong>commum¹</strong></span> 
     </span>
     <span class='ocr_line' id='line_1_29' title="bbox 66 2107 869 2170; baseline -0.007 -9"><span class='ocrx_word' id='word_1_194' title='bbox 66 2125 127 2161; x_wconf 89' lang='lat' dir='ltr'><strong>cum</strong></span> <span class='ocrx_word' id='word_1_195' title='bbox 139 2108 267 2160; x_wconf 88' lang='lat' dir='ltr'><strong>omnibus</strong></span> <span class='ocrx_word' id='word_1_196' title='bbox 279 2108 383 2170; x_wconf 91' lang='lat' dir='ltr'><strong>doctis,</strong></span> <span class='ocrx_word' id='word_1_197' title='bbox 400 2108 429 2158; x_wconf 93' lang='lat' dir='ltr'><strong>id</strong></span> <span class='ocrx_word' id='word_1_198' title='bbox 440 2114 483 2159; x_wconf 92' lang='lat' dir='ltr'><strong>est</strong></span> <span class='ocrx_word' id='word_1_199' title='bbox 492 2107 752 2160; x_wconf 86' lang='lat' dir='ltr'><strong>ratiocinationem:</strong></span> <span class='ocrx_word' id='word_1_200' title='bbox 764 2107 805 2158; x_wconf 90' lang='lat' dir='ltr'><strong>uti</strong></span> <span class='ocrx_word' id='word_1_201' title='bbox 814 2123 869 2156; x_wconf 80' lang='lat' dir='ltr'><strong>nro-</strong></span> 
     </span>
     <span class='ocr_line' id='line_1_30' title="bbox 65 2173 868 2242; baseline -0.005 -14"><span class='ocrx_word' id='word_1_202' title='bbox 65 2177 136 2228; x_wconf 87' lang='lat' dir='ltr'><strong>dicis</strong></span> <span class='ocrx_word' id='word_1_203' title='bbox 148 2184 176 2228; x_wconf 89' lang='lat' dir='ltr'><strong>et</strong></span> <span class='ocrx_word' id='word_1_204' title='bbox 186 2176 300 2226; x_wconf 85' lang='lat' dir='ltr'><strong>musicis</strong></span> <span class='ocrx_word' id='word_1_205' title='bbox 311 2182 340 2227; x_wconf 92' lang='lat' dir='ltr'><strong>et</strong></span> <span class='ocrx_word' id='word_1_206' title='bbox 350 2175 384 2226; x_wconf 89' lang='lat' dir='ltr'><strong>de</strong></span> <span class='ocrx_word' id='word_1_207' title='bbox 394 2191 525 2226; x_wconf 82' lang='lat' dir='ltr'><strong>venarum</strong></span> <span class='ocrx_word' id='word_1_208' title='bbox 536 2173 672 2242; x_wconf 88' lang='lat' dir='ltr'><strong>sphygmo</strong></span> <span class='ocrx_word' id='word_1_209' title='bbox 684 2175 754 2226; x_wconf 91' lang='lat' dir='ltr'><strong>etde</strong></span> <span class='ocrx_word' id='word_1_210' title='bbox 769 2176 868 2242; x_wconf 88' lang='lat' dir='ltr'><strong>pedum</strong></span> 
     </span>
     <span class='ocr_line' id='line_1_31' title="bbox 64 2243 875 2310; baseline -0.005 -14"><span class='ocrx_word' id='word_1_211' title='bbox 64 2252 151 2297; x_wconf 91' lang='lat' dir='ltr'><strong>motu.</strong></span> <span class='ocrx_word' id='word_1_212' title='bbox 169 2245 205 2295; x_wconf 75' lang='lat' dir='ltr'><strong>rit</strong></span> <span class='ocrx_word' id='word_1_213' title='bbox 214 2246 238 2295; x_wconf 90' lang='lat' dir='ltr'><strong>si</strong></span> <span class='ocrx_word' id='word_1_214' title='bbox 249 2246 347 2296; x_wconf 83' lang='lat' dir='ltr'><strong>vulnus</strong></span> <span class='ocrx_word' id='word_1_215' title='bbox 357 2244 465 2295; x_wconf 87' lang='lat' dir='ltr'><strong>mederi</strong></span> <span class='ocrx_word' id='word_1_216' title='bbox 475 2250 523 2295; x_wconf 91' lang='lat' dir='ltr'><strong>aut</strong></span> <span class='ocrx_word' id='word_1_217' title='bbox 533 2259 648 2310; x_wconf 86' lang='lat' dir='ltr'><strong>aegrum</strong></span> <span class='ocrx_word' id='word_1_218' title='bbox 658 2243 767 2310; x_wconf 88' lang='lat' dir='ltr'><strong>eripere</strong></span> <span class='ocrx_word' id='word_1_219' title='bbox 779 2244 812 2294; x_wconf 90' lang='lat' dir='ltr'><strong>de</strong></span> <span class='ocrx_word' id='word_1_220' title='bbox 823 2258 875 2310; x_wconf 41' lang='lat' dir='ltr'><strong>pes</strong></span> 
     </span>
     <span class='ocr_line' id='line_1_32' title="bbox 64 2312 869 2379; baseline -0.005 -14"><span class='ocrx_word' id='word_1_221' title='bbox 64 2313 155 2365; x_wconf 91' lang='lat' dir='ltr'><strong>riculo</strong></span> <span class='ocrx_word' id='word_1_222' title='bbox 169 2314 339 2379; x_wconf 86' lang='lat' dir='ltr'><strong>oportuerit,</strong></span> <span class='ocrx_word' id='word_1_223' title='bbox 356 2327 412 2363; x_wconf 93' lang='lat' dir='ltr'><strong>non</strong></span> <span class='ocrx_word' id='word_1_224' title='bbox 423 2312 539 2364; x_wconf 88' lang='lat' dir='ltr'><strong>accedet</strong></span> <span class='ocrx_word' id='word_1_225' title='bbox 548 2312 685 2375; x_wconf 85' lang='lat' dir='ltr'><strong>musicus,</strong></span> <span class='ocrx_word' id='word_1_226' title='bbox 701 2312 751 2363; x_wconf 90' lang='lat' dir='ltr'><strong>sed</strong></span> <span class='ocrx_word' id='word_1_227' title='bbox 761 2312 790 2362; x_wconf 93' lang='lat' dir='ltr'><strong>id</strong></span> <span class='ocrx_word' id='word_1_228' title='bbox 801 2326 869 2378; x_wconf 87' lang='lat' dir='ltr'><strong>opus</strong></span> 
     </span>
     <span class='ocr_line' id='line_1_33' title="bbox 63 2380 867 2449; baseline -0.005 -16"><span class='ocrx_word' id='word_1_229' title='bbox 63 2382 206 2448; x_wconf 89' lang='lat' dir='ltr'><strong>proprium</strong></span> <span class='ocrx_word' id='word_1_230' title='bbox 222 2383 277 2432; x_wconf 91' lang='lat' dir='ltr'><strong>erit</strong></span> <span class='ocrx_word' id='word_1_231' title='bbox 290 2381 401 2432; x_wconf 89' lang='lat' dir='ltr'><strong>medici.</strong></span> <span class='ocrx_word' id='word_1_232' title='bbox 437 2380 506 2432; x_wconf 92' lang='lat' dir='ltr'><strong>ltem</strong></span> <span class='ocrx_word' id='word_1_233' title='bbox 519 2381 550 2431; x_wconf 89' lang='lat' dir='ltr'><strong>in</strong></span> <span class='ocrx_word' id='word_1_234' title='bbox 560 2394 666 2449; x_wconf 83' lang='lat' dir='ltr'><strong>organo</strong></span> <span class='ocrx_word' id='word_1_235' title='bbox 676 2396 733 2432; x_wconf 87' lang='lat' dir='ltr'><strong>non</strong></span> <span class='ocrx_word' id='word_1_236' title='bbox 742 2380 867 2430; x_wconf 88' lang='lat' dir='ltr'><strong>medicus</strong></span> 
     </span>
     <span class='ocr_line' id='line_1_34' title="bbox 63 2448 866 2512; baseline -0.007 -10"><span class='ocrx_word' id='word_1_237' title='bbox 63 2450 113 2502; x_wconf 87' lang='lat' dir='ltr'><strong>sed</strong></span> <span class='ocrx_word' id='word_1_238' title='bbox 123 2449 246 2501; x_wconf 88' lang='lat' dir='ltr'><strong>musicus</strong></span> <span class='ocrx_word' id='word_1_239' title='bbox 256 2449 457 2512; x_wconf 90' lang='lat' dir='ltr'><strong>modulabitur,</strong></span> <span class='ocrx_word' id='word_1_240' title='bbox 468 2455 500 2500; x_wconf 88' lang='lat' dir='ltr'><strong>ut</strong></span> <span class='ocrx_word' id='word_1_241' title='bbox 509 2463 590 2500; x_wconf 86' lang='lat' dir='ltr'><strong>aures</strong></span> <span class='ocrx_word' id='word_1_242' title='bbox 601 2464 680 2500; x_wconf 89' lang='lat' dir='ltr'><strong>suam</strong></span> <span class='ocrx_word' id='word_1_243' title='bbox 690 2448 866 2500; x_wconf 89' lang='lat' dir='ltr'><strong>cantionibus</strong></span> 
     </span>
     <span class='ocr_line' id='line_1_35' title="bbox 62 2515 867 2584; baseline -0.005 -16"><span class='ocrx_word' id='word_1_244' title='bbox 62 2518 202 2584; x_wconf 84' lang='lat' dir='ltr'><strong>recipiant</strong></span> <span class='ocrx_word' id='word_1_245' title='bbox 218 2518 428 2570; x_wconf 88' lang='lat' dir='ltr'><strong>iucunditatem.</strong></span> <span class='ocrx_word' id='word_1_246' title='bbox 465 2515 505 2569; x_wconf 84' lang='grc'><strong>16.</strong></span> <span class='ocrx_word' id='word_1_247' title='bbox 525 2516 661 2570; x_wconf 85' lang='lat' dir='ltr'><strong>Similiter</strong></span> <span class='ocrx_word' id='word_1_248' title='bbox 676 2515 867 2568; x_wconf 86' lang='lat' dir='ltr'><strong>cumastrolo-</strong></span> 
     </span>
     <span class='ocr_line' id='line_1_36' title="bbox 61 2581 867 2654; baseline -0.007 -16"><span class='ocrx_word' id='word_1_249' title='bbox 61 2588 106 2654; x_wconf 79' lang='lat' dir='ltr'><strong>gis</strong></span> <span class='ocrx_word' id='word_1_250' title='bbox 118 2593 147 2639; x_wconf 88' lang='lat' dir='ltr'><strong>et</strong></span> <span class='ocrx_word' id='word_1_251' title='bbox 156 2587 271 2637; x_wconf 84' lang='lat' dir='ltr'><strong>musicis</strong></span> <span class='ocrx_word' id='word_1_252' title='bbox 282 2593 325 2638; x_wconf 86' lang='lat' dir='ltr'><strong>est</strong></span> <span class='ocrx_word' id='word_1_253' title='bbox 336 2586 487 2653; x_wconf 90' lang='lat' dir='ltr'><strong>disputatio</strong></span> <span class='ocrx_word' id='word_1_254' title='bbox 498 2586 652 2639; x_wconf 86' lang='lat' dir='ltr'><strong>communis</strong></span> <span class='ocrx_word' id='word_1_255' title='bbox 664 2586 698 2637; x_wconf 90' lang='lat' dir='ltr'><strong>de</strong></span> <span class='ocrx_word' id='word_1_256' title='bbox 709 2581 867 2652; x_wconf 86' lang='lat' dir='ltr'><strong>sympathia</strong></span> 
     </span>
     <span class='ocr_line' id='line_1_37' title="bbox 60 2652 866 2722; baseline -0.006 -16"><span class='ocrx_word' id='word_1_257' title='bbox 60 2655 206 2706; x_wconf 85' lang='lat' dir='ltr'><strong>stellarum</strong></span> <span class='ocrx_word' id='word_1_258' title='bbox 221 2660 249 2705; x_wconf 91' lang='lat' dir='ltr'><strong>et</strong></span> <span class='ocrx_word' id='word_1_259' title='bbox 264 2653 490 2722; x_wconf 88' lang='lat' dir='ltr'><strong>symphoniarum</strong></span> <span class='ocrx_word' id='word_1_260' title='bbox 504 2656 533 2706; x_wconf 89' lang='lat' dir='ltr'><strong>in</strong></span> <span class='ocrx_word' id='word_1_261' title='bbox 543 2655 687 2722; x_wconf 89' lang='lat' dir='ltr'><strong>quadratis</strong></span> <span class='ocrx_word' id='word_1_262' title='bbox 699 2660 727 2705; x_wconf 89' lang='lat' dir='ltr'><strong>et</strong></span> <span class='ocrx_word' id='word_1_263' title='bbox 736 2652 866 2720; x_wconf 88' lang='lat' dir='ltr'><strong>trigonis,</strong></span> 
     </span>
     <span class='ocr_line' id='line_1_38' title="bbox 60 2718 866 2793; baseline -0.014 -14"><span class='ocrx_word' id='word_1_264' title='bbox 60 2723 238 2779; x_wconf 78' lang='lat' dir='ltr'><strong>diatessaron</strong></span> <span class='ocrx_word' id='word_1_265' title='bbox 253 2729 281 2776; x_wconf 91' lang='lat' dir='ltr'><strong>et</strong></span> <span class='ocrx_word' id='word_1_266' title='bbox 291 2723 434 2790; x_wconf 83' lang='lat' dir='ltr'><strong>diapente:</strong></span> <span class='ocrx_word' id='word_1_267' title='bbox 451 2741 514 2776; x_wconf 88' lang='lat' dir='ltr'><strong>cum</strong></span> <span class='ocrx_word' id='word_1_268' title='bbox 523 2723 676 2793; x_wconf 77' lang='lat' dir='ltr'><strong>geometris</strong></span> <span class='ocrx_word' id='word_1_269' title='bbox 688 2721 722 2775; x_wconf 94' lang='lat' dir='ltr'><strong>de</strong></span> <span class='ocrx_word' id='word_1_270' title='bbox 733 2722 807 2786; x_wconf 84' lang='lat' dir='ltr'><strong>visu,</strong></span> <span class='ocrx_word' id='word_1_271' title='bbox 820 2718 866 2787; x_wconf 87' lang='lat' dir='ltr'><strong>qui</strong></span> 
     </span>
    </p>
   </div>
   <div class='ocr_carea' id='block_1_3' title="bbox 0 0 1032 3090">
    <p class='ocr_par' dir='ltr' id='par_1_5' title="bbox 0 0 1032 3090">
     <span class='ocr_line' id='line_1_39' title="bbox 0 0 1032 3090; baseline 0 2"><span class='ocrx_word' id='word_1_272' title='bbox 0 0 1032 3090; x_wconf 95' lang='lat' dir='ltr'><strong> </strong></span> 
     </span>
    </p>
   </div>
  </div>
 </body>
</html>
