2054 3090
285 180 410 234 LIBER
427 180 460 233 V.
490 181 739 238 PRAEFATIO.
881 179 918 233 ⁹1.

107 282 311 335 consuetudine
327 284 516 346 nomina,tum
532 284 616 334 etiarn
631 289 843 350 praeceptorum
856 283 913 335 late

108 358 244 418 vagantes
254 351 409 417 scripturae
421 352 445 400 si
455 366 511 401 non
522 350 730 414 contrahantur,
741 357 771 402 et
780 351 875 417 paucis
886 357 915 401 et

108 417 262 486 perlucidis
269 419 416 469 sententiis
426 418 612 484 explicentur,
626 417 784 486 frequentia
792 418 914 468 multitu·

111 485 374 553 dinequesermonis
384 485 553 551 impediente
563 486 685 539 incertas
695 485 848 553 legentium
859 486 914 535 effi-

111 555 187 605 cient
208 553 406 619 cogitationes.
442 551 539 620 ltaque
564 555 689 605 occultas
708 553 914 604 nominationes

111 634 343 687 commensusque
364 634 379 669 e
393 620 526 670 membris
537 624 651 687 operum
665 621 866 688 pronuncians,
885 626 916 669 ut

109 688 261 739 memoriae
272 688 427 750 tradantur,
437 686 561 738 breviter
571 703 719 756 exponam:
731 689 773 739 sic
784 689 857 738 enirn
869 702 914 738 ex-

110 755 234 823 peditius
254 769 289 805 ea
305 755 432 821 recipere
447 760 580 821 poterunt
593 761 709 808 mantas.
745 756 770 807 3.
788 754 852 806 Non
865 756 914 804 mi-

110 840 162 875 nus
178 837 240 874 cunr
253 820 512 874 animadvertissem
523 823 672 875 distentam
684 822 915 889 occupationibus

111 891 253 942 civitatem
263 889 383 955 publicis
394 894 423 940 et
431 889 547 955 privatis
557 891 690 958 negotiis,
702 891 800 956 paucis
810 889 915 940 iudica-

112 960 139 1009 vi
149 957 335 1020 scribendum‚
344 957 386 1008 uti
397 963 516 1024 angusto
527 958 618 1024 spatio
629 956 916 1022 vacuitatisealagan-
987 977 989 982 ·

112 1035 155 1078 tes
169 1023 576 1091 brevitorperciperepossent.
612 1025 704 1076 Etiam
715 1025 764 1091 qui
773 1022 915 1090 Pythago-

112 1109 171 1144 ram
182 1093 283 1160 quique
294 1092 355 1144 eius
364 1090 502 1143 haeresim
513 1091 627 1157 fuerunt
636 1093 739 1154 secuti,
753 1091 861 1158 placuit
870 1105 915 1140 cu·
926 1136 929 1141 ⁴

112 1161 183 1212 bicis
200 1159 357 1212 rationibus
370 1165 521 1226 praecepta
534 1159 564 1210 in
578 1158 764 1211 voluminibus
782 1157 916 1220 scribere,

113 1230 373 1294 constitueruntque
388 1226 488 1279 cubum
499 1225 609 1279 CCXVI
619 1241 730 1289 versus,
745 1239 850 1292 sosque
860 1239 917 1276 non

113 1297 175 1362 plus
188 1303 246 1347 tres
260 1296 290 1345 in
303 1308 359 1346 ana
369 1294 576 1360 conscriptione
588 1294 721 1360 oportere'
731 1307 794 1344 esso
804 1299 917 1360 putave-

114 1368 186 1414 runt.
221 1363 247 1413 4.
267 1361 359 1413 cubus
378 1367 471 1412 autem
491 1367 535 1413 est
553 1376 654 1427 corpus
673 1376 708 1412 cx
725 1360 762 1413 Vl
781 1359 917 1412 lateribus

115 1428 378 1497 aequalilatitudine
387 1428 564 1495 planitiarum
572 1429 799 1496 perquadratum.
817 1428 844 1479 ls
855 1443 917 1479 cum

115 1504 159 1549 est
172 1499 277 1559 iactus,
293 1511 374 1563 quam
387 1497 416 1546 in
430 1502 537 1563 partem
550 1491 689 1560 incubuit,
704 1497 768 1548 dum
780 1503 824 1547 est
845 1496 917 1545 inta-

115 1572 182 1627 etus,
188 1565 330 1617 immotam
341 1561 426 1624 habet
435 1564 628 1616 stabilitatem:
642 1565 683 1615 uti
694 1572 759 1616 sunt
768 1565 853 1614 etiarn
862 1570 917 1614 tes-

115 1647 208 1695 seras,
224 1646 292 1698 quas
306 1631 336 1681 in
350 1631 430 1682 alveo
445 1631 574 1684 ludentes
584 1632 698 1688 iaciunt.
733 1632 917 1682 Hancautam

87 1710 91 1717 ’
114 1700 325 1751 similitudinem
339 1712 373 1750 ex
388 1712 422 1749 eo
437 1699 589 1766 sumpsisse
599 1700 738 1762 ridentur,
750 1699 824 1765 quod
834 1700 859 1748 is
870 1714 917 1748 nu-

114 1783 206 1820 merus
220 1782 362 1829 versuum,
380 1766 423 1816 uti
437 1766 537 1829 cubus,
555 1767 585 1818 in
600 1781 791 1834 quemcunque
806 1780 917 1815 sensum

113 1836 259 1897 insederit,
267 1835 410 1885 immotam
419 1834 719 1886 efficiatibimemorias
727 1833 916 1885 stabilitatem.

115 1903 217 1955 Graeci
231 1916 341 1970 quoque
354 1905 455 1969 politae
471 1903 572 1954 comici
581 1903 792 1967 interponentes
804 1913 819 1950 e
831 1898 917 1949 choro

115 1972 261 2032 canticum,
268 1969 422 2020 diviserunt
433 1969 837 2036 spatiafahularunqitapartes
844 1966 918 2019 cubi-

115 2040 262 2090 caratione
269 2035 415 2098 facientes,
424 2037 681 2103 intercapedinibus
690 2036 784 2086 levant
794 2041 918 2084 actorum

115 2105 369 2173 pronuntiationes.
404 2103 429 2155 5.
450 2104 517 2154 Cum
532 2119 600 2170 ergo
616 2103 686 2154 haec
700 2101 821 2153 naturali
834 2101 918 2151 modo

115 2175 171 2224 sint
181 2189 198 2223 a
207 2171 360 2223 maioribus
372 2171 535 2232 observata,
548 2174 696 2238 animoque
708 2169 849 2220 advertam
860 2169 918 2218 inu·
1006 2190 1010 2196 ·

115 2243 213 2293 sitatas
229 2245 258 2291 et
273 2238 407 2292 obscuras
422 2238 516 2289 multis
531 2252 577 2290 res
591 2254 654 2290 essa
664 2237 732 2288 mihi
743 2236 919 2296 scribendas,

114 2324 169 2376 quo
180 2307 296 2372 facilius
312 2305 459 2358 adsensus
474 2306 627 2372 legentium
660 2305 786 2357 ervenire
798 2305 919 2372 possint,

114 2376 244 2427 brevibus
255 2372 442 2425 voluminibus
453 2373 574 2423 iudicavi
586 2323 721 2436 scribom
740 2373 781 2423 ita
791 2372 863 2422 enim
875 2385 920 2420 ex·

116 2444 211 2511 pedita
226 2447 308 2493 erunt
321 2441 356 2492 ad
366 2441 592 2508 intelligendum
604 2455 755 2508 eorumque
768 2439 920 2489 ordinatio-

115 2527 165 2562 ncs
176 2510 299 2571 institui,
309 2509 352 2559 uti
362 2524 417 2559 non
429 2509 486 2560 sint
494 2510 691 2574 quaerentibus
703 2506 853 2574 separatim
865 2504 921 2564 col7

116 2578 242 2646 liganda,
259 2577 309 2627 sed
323 2591 338 2627 e
351 2591 470 2644 corpore
485 2591 550 2638 uno,
562 2578 628 2629 etin
645 2575 763 2642 singulis
776 2573 921 2622 volumini·

115 2644 166 2697 bus
182 2659 316 2712 generum
330 2641 467 2695 haberent
480 2644 692 2710 explicationes.
728 2642 839 2706 ltaque,
855 2640 922 2689 Cae-

115 2728 173 2775 sar,
185 2713 270 2768 tertio
282 2712 420 2778 alquanto
433 2711 571 2765 volumino
584 2712 694 2765 aedium
704 2723 846 2764 sacrarum
858 2709 922 2762 rati·
