2054 3090
115 231 149 282 28
318 231 372 282 Du
397 231 718 283 ARCHITECTURA

115 349 132 384 a
140 333 309 385 Macedonia
319 333 355 384 ad
365 334 530 396 exercitum,
544 334 641 400 regiae
652 333 769 400 cupidus
780 346 917 384 commen·

115 401 245 452 dationis.
281 400 307 450 ls
322 414 337 451 e
351 401 442 466 patria
455 417 471 450 a
485 401 648 467 propinquis
659 407 687 452 et
698 401 795 451 amieis
806 399 873 451 tulit
882 397 917 450 ad

112 469 216 534 primos
228 467 340 519 ordines
348 473 377 518 et
385 474 552 533 purpuratos
561 467 683 530 litteras,
693 474 724 519 ut
732 468 823 518 aditus
833 464 916 517 habc-

112 546 157 587 ret
166 535 323 596 faciliores,
339 534 373 584 ab
384 535 480 600 eisque
491 541 624 600 exceptus
635 533 753 586 humane
767 534 861 601 petiit,
875 533 915 584 uti

114 618 194 670 quam
211 602 330 667 primum
350 601 385 651 ad
400 601 585 653 Alexandrum
602 603 811 668 perduceretur.
843 601 915 650 Cum

112 669 234 736 polliciti
248 674 355 729 essent,
369 668 509 720 tardiores
522 668 646 730 fuerunt,
661 669 792 720 idoneum
806 675 915 734 tempus

114 740 317 801 exspectantes.
337 735 654 802 ltaqueDinocratcs,ab
664 737 700 786 iis
712 751 742 787 se
753 736 915 786 existimans

114 804 181 866 ludi,
192 803 226 853 ab
237 816 268 852 se
278 803 361 867 petiit
371 803 550 869 praesidium.
581 803 685 855 Fuerat
694 804 767 853 enim
779 802 914 869 amplissi-

114 887 157 922 ma
171 876 290 931 statura,
305 868 378 920 facie
389 876 481 937 grata,
495 868 587 921 forma
597 871 788 937 dignitateque
799 885 914 920 summa.

113 939 166 989 llis
175 939 262 1004 igitur
272 941 386 987 naturae
394 937 554 988 muneribus
562 938 683 988 confisus
693 939 860 989 vestimenta
868 951 914 1002 po-

113 1007 169 1056 suit
182 1006 211 1055 in
225 1002 361 1070 hospitio,
379 1014 408 1055 et
423 1005 487 1056 olco
502 1020 603 1071 corpus
616 1005 758 1070 perunxit,
777 1010 914 1071 caputque

112 1072 258 1123 coronavit
275 1072 414 1138 populnca
426 1071 526 1123 fronde
532 1110 540 1135 ,
558 1073 666 1122 laevum
684 1070 827 1122 humerum
840 1072 914 1136 pelle

112 1141 226 1191 leonina
234 1140 318 1202 texit,
330 1140 482 1206 dextraque
493 1140 599 1190 clavam
608 1145 707 1190 tenens
722 1139 839 1190 incessit
850 1154 913 1189 eon·

112 1217 156 1258 tra
165 1207 287 1258 tribunal
296 1209 372 1274 regis
384 1208 427 1258 ius
439 1207 565 1257 dicentis.
603 1208 627 1256 2.
646 1205 764 1257 Novitas
782 1206 913 1273 populum

112 1290 174 1326 eum
188 1275 368 1336 advertisset,
387 1275 534 1339 conspexit
547 1289 609 1325 eum
622 1273 787 1324 Alexander.
822 1273 914 1324 Admi-

111 1358 176 1392 rans
186 1341 270 1391 iussit
279 1342 307 1391 ei
316 1341 408 1391 locum
419 1341 491 1403 dari,
503 1347 534 1392 ut
543 1341 703 1402 accederet,
717 1341 914 1408 interrogavit·

112 1423 165 1476 que
176 1409 238 1474 quis
249 1407 339 1458 essetl
357 1410 392 1458 At
404 1408 466 1470 ille,
480 1408 662 1470 Dinocrates,
678 1409 781 1474 inquit,
795 1407 914 1460 archite-

112 1482 173 1527 ctus
188 1474 320 1537 Macedo,
358 1476 386 1525 ui
400 1476 473 1526 avite
487 1476 675 1542 cogitationes
686 1482 715 1526 et
727 1474 831 1526 formas
846 1475 913 1526 affe-

111 1558 143 1594 ro
158 1542 256 1609 dignas
270 1548 319 1592 tua
333 1491 474 1593 claritate:
492 1558 610 1610 namque
619 1541 710 1594 Athon
720 1548 841 1593 montem
857 1542 914 1594 for·

110 1610 183 1661 mavi
193 1611 222 1659 in
232 1615 341 1660 statuae
352 1610 441 1660 virilis
452 1610 580 1677 liguram,
596 1612 674 1662 cuius
684 1625 766 1661 manu
775 1610 857 1661 laeva
867 1610 914 1661 de·

111 1677 218 1745 signavi
230 1677 351 1728 civitatis
361 1679 485 1740 moenia,
500 1678 616 1729 dextera
625 1685 762 1744 pateram,
782 1693 853 1744 quac
867 1692 914 1731 ex·

111 1747 217 1811 ciperet
235 1745 356 1795 omnium
375 1744 529 1808 fluminum,
547 1760 617 1812 quae
636 1751 700 1796 sunt
716 1746 745 1795 in
759 1759 793 1795 eo
808 1753 913 1808 monto,

110 1828 221 1880 aquam,
236 1819 268 1863 ut
276 1812 341 1863 inde
351 1813 380 1864 in
390 1827 465 1863 mare
479 1811 703 1879 profunderetur.
739 1812 764 1864 3.
782 1812 913 1863 Delecta-

109 1887 154 1931 tus
168 1881 325 1932 Alexander
342 1881 452 1931 ratione
468 1879 588 1943 formae,
607 1880 700 1931 statim
718 1881 869 1947 quaesivit,
888 1881 912 1930 si

110 1954 205 1999 essent
224 1948 284 2016 agri
301 1949 388 2010 circa,
408 1948 455 2014 qui
472 1955 588 2014 possent
604 1947 786 1999 frumentaria
801 1950 912 1998 rationo

110 2031 170 2067 eam
181 2017 322 2067 civitatem
330 2016 413 2066 tueri.
450 2015 516 2066 Cum
526 2016 688 2077 invenisset,
699 2030 754 2065 non
763 2029 847 2082 posse
858 2015 911 2065 nisi

109 2085 301 2134 transmarinis
312 2083 553 2145 subvectionbius,
567 2082 748 2144 Dinocrates,
758 2083 860 2148 inquit,
872 2088 911 2132 at-

109 2150 194 2201 tendo
213 2151 355 2216 egregiam
373 2149 481 2200 formae
499 2151 732 2216 compositionem
746 2155 775 2200 et
788 2164 822 2200 ea
836 2148 911 2200 dele·

108 2223 178 2278 ctor,
190 2216 240 2266 sed
251 2217 450 2279 animadverto,
459 2217 484 2267 si
494 2218 555 2284 quis
566 2217 713 2268 deduxerit
724 2231 757 2267 eo
768 2217 823 2267 loci
835 2216 912 2267 colo·

108 2285 195 2346 niam,
213 2282 275 2334 fore
295 2290 325 2335 ut
343 2285 475 2335 iudicium
493 2286 554 2336 eius
568 2285 749 2350 vituperetur.
784 2284 821 2335 Ut
838 2284 912 2335 enim

108 2357 188 2402 natus
199 2350 291 2402 infans
302 2352 361 2401 sine
372 2352 489 2403 nutricis
500 2353 572 2403 lacte
583 2367 638 2402 non
649 2358 745 2417 potest
754 2351 804 2413 ali,
820 2366 911 2418 neque

108 2419 144 2469 ad
158 2419 231 2469 vitae
246 2419 398 2469 crescentis
412 2419 515 2486 gradus
532 2419 660 2486 perduci,
679 2420 720 2470 sic
737 2418 836 2470 civitas
850 2419 911 2469 sine

107 2486 182 2553 agris
203 2492 232 2536 et
251 2500 347 2536 eorum
365 2484 501 2538 fructibus
520 2487 549 2536 in
567 2487 713 2537 moenibus
736 2485 912 2537 affluentibus

107 2568 163 2604 non
180 2559 275 2619 potest
292 2567 431 2615 crescere,
446 2558 503 2605 'nec
521 2555 582 2605 sine
600 2553 769 2605 abundantia
786 2554 843 2604 cibi
856 2551 912 2604 ire·

107 2622 249 2687 quantiam
263 2619 365 2672 habere
375 2621 562 2688 populumque
573 2622 633 2672 sine
644 2622 726 2687 copia
738 2622 821 2671 tueri.
858 2619 911 2672 lta·

107 2702 160 2755 que
181 2688 412 2755 quemadmodum
429 2687 625 2740 formationem
643 2695 710 2755 puto
729 2688 910 2754 probandam,

107 2757 148 2808 sie
158 2756 252 2807 iudico
264 2755 356 2808 locum
364 2756 586 2822 improbandum:
605 2763 689 2824 teque
699 2755 765 2807 volo
777 2769 840 2806 esse
854 2770 899 2806 me
