2054 3090
272 214 405 269 LIBER
422 217 473 270 lX.
501 218 745 270 PRAEFATIO.
860 217 908 269 187

107 318 342 388 optimosbabent
356 322 509 388 sapientiae
525 336 637 384 sensus,
651 321 854 387 instituuntque
871 322 907 370 ci-

108 389 241 440 vitatibus
251 386 429 439 humanitatis
437 403 544 453 mores,
562 404 651 457 aequa
658 389 733 452 iura,
745 389 836 454 leges,
850 389 907 454 qui-

108 457 162 507 bus
182 455 343 507 absentibus
357 455 434 507 nulla
446 463 540 524 potest
552 472 615 508 esse
632 457 730 507 civitas
749 455 907 505 incolumis.
976 501 978 506 .

109 525 133 575 3.
154 524 222 574 Cum
236 537 304 590 ergo
316 528 394 573 tanta
406 539 521 575 munera
534 525 567 576 ab
583 526 749 591 scriptorum
763 522 910 588 prudentia

108 592 238 660 privatim
253 591 418 658 publiceque
435 591 540 644 fuerint
557 591 716 642 bominibus
735 597 909 658 praeparata,

108 674 165 709 non
184 659 275 709 solum
299 658 420 709 arbitror
441 659 547 725 palmas
571 666 600 710 et
619 674 737 710 coronas
762 657 805 708 his
824 657 909 708 tribui

110 732 256 794 oportere,
268 725 318 777 sed
328 727 412 778 etiam
423 726 534 778 decerni
544 726 712 794 triumphos,
724 735 753 777 et
762 727 834 776 inter
844 725 910 775 deo·

109 809 170 844 rum
183 794 265 844 sedes
280 808 330 844 eos
345 793 515 846 dedicandos
529 794 659 847 iudicari.
695 795 797 844 Eorum
818 799 909 843 autem

109 861 235 927 cogitata
244 861 351 912 utiliter
359 860 516 913 hominibus
528 862 562 913 ad
573 864 657 914 vitam
668 861 876 928 explicandam,
894 875 909 909 e

109 929 234 996 pluribus
245 929 356 996 singula
365 944 516 996 paucorum
526 931 569 980 uti
578 930 705 998 exempla
715 943 828 996 ponam3
839 942 909 995 quae

109 1011 176 1047 recu
218 1003 359 1060 nocentes,
376 1012 536 1049 necessario
547 996 590 1049 his
600 998 685 1048 tribui
696 995 817 1047 honoros
829 1009 909 1060 opor·
983 1010 986 1015 ·

109 1072 170 1115 tere
201 1065 307 1115 omines
318 1065 530 1116 confitebuntur.
566 1067 590 1117 4.
609 1066 646 1116 Et
656 1067 772 1132 primum
783 1062 910 1113 Platonis

111 1148 127 1182 e
141 1131 235 1182 multis
252 1133 514 1184 ratiocinationibus
528 1133 684 1184 utilissimis
701 1147 796 1192 unam,
818 1144 909 1197 quem-

111 1199 258 1250 admodum
272 1200 306 1249 ab
324 1214 359 1249 eo
378 1200 517 1266 explicata
534 1201 583 1263 sit,
602 1215 711 1267 ponam.
747 1197 841 1248 Locus
863 1203 911 1247 aut

111 1282 180 1334 ager
196 1266 309 1334 paribus
333 1267 467 1319 lateribus
486 1269 512 1319 si
533 1269 587 1318 erit
610 1267 772 1335 quadratus,
793 1279 909 1332 eumque

112 1336 268 1400 oportuerit
277 1334 426 1402 duplicari,
440 1335 515 1403 quod
525 1350 596 1402 opus
604 1335 690 1386 fuerit
700 1349 802 1402 genere
817 1346 910 1384 nume·

111 1405 145 1463 ri,
156 1401 230 1469 quod
239 1402 520 1470 multiplicationibus
531 1418 587 1454 non
597 1403 749 1465 invenitur,
761 1417 795 1452 ex
806 1400 910 1453 descri-

129 1469 252 1520 tionibus
271 1470 407 1521 linearum
425 1472 572 1538 reperitur.
608 1471 659 1522 Est
678 1477 770 1521 autem
790 1470 850 1520 eius
869 1468 912 1518 rei

109 1486 180 1587 liaeo
194 1537 404 1590 demonstratio.
441 1539 600 1602 Quadratus
614 1541 706 1601 locus,
723 1540 768 1605 qui
784 1538 839 1588 erit
851 1537 910 1587 lon·

111 1621 162 1724 gns
177 1612 205 1655 et
214 1606 285 1656 latus
295 1608 382 1672 pedes
393 1607 493 1670 denos,
508 1609 594 1658 efficit
603 1621 684 1658 areae
695 1607 781 1673 pedes
792 1611 910 1656 centum.

132 1673 141 1721 i
152 1686 218 1740 crgo
231 1688 300 1740 opus
309 1673 396 1726 fuerit
405 1683 467 1725 e'um
478 1675 626 1742 duplicari,
642 1681 670 1726 et
678 1675 765 1740 pedes
775 1673 911 1723 ducentos

109 1742 176 1790 item
192 1754 227 1791 ex
240 1741 351 1807 paribus
365 1743 500 1794 lateribus
518 1743 622 1805 iacere,
643 1741 830 1809 quaerendum
848 1739 910 1800 erit,

110 1822 191 1874 quam
200 1822 328 1874 magnum
340 1808 414 1860 latus
430 1811 490 1860 eius
505 1811 632 1877 quadrati
646 1811 706 1870 liat,
721 1815 752 1858 ut
766 1822 848 1858 exeo
863 1806 911 1856 du·

111 1874 283 1940 centipedes
298 1875 532 1943 duplicationibus
547 1892 630 1928 areae
649 1876 844 1943 respondeant.
880 1873 910 1922 ld

110 1948 203 1991 autem
227 1956 341 1992 numero
364 1959 445 1994 nemo
469 1951 563 2010 potest
585 1944 725 1994 invenire:
749 1956 866 2009 namque
887 1943 910 1990 si

111 2007 188 2058 Xllll
199 2009 411 2071 constituentur,
418 2018 499 2062 erunt
507 2011 685 2078 multiplicati
694 2011 780 2078 pedes
787 2008 896 2060 cxcvi
904 2009 914 2058 ἐ’

111 2077 136 2127 si
156 2075 219 2138 XV,
242 2076 328 2143 pedes
350 2076 482 2130 CCXXV.
516 2079 541 2130 5.
559 2079 635 2147 Ergo
656 2078 785 2145 quoniam
808 2078 836 2128 id
856 2092 910 2127 non

113 2143 267 2211 explicatur
276 2158 404 2208 numero,
419 2146 448 2196 in
459 2161 492 2196 eo
504 2147 639 2214 quadrato
654 2148 740 2214 longo
752 2152 781 2197 et
790 2145 847 2195 lato
864 2158 910 2210 pe-

112 2212 161 2264 des
176 2211 272 2263 decem
286 2226 357 2280 quae
370 2211 457 2264 luerit
470 2214 545 2265 linea
563 2213 597 2265 ab
612 2213 715 2282 angulo
730 2213 765 2264 ad
780 2213 910 2280 angulum

111 2280 260 2347 diagonios
281 2280 462 2348 perducatur,
485 2283 526 2333 uti
549 2282 707 2334 dividantur
725 2282 780 2332 duo
799 2281 911 2346 trigona

110 2363 200 2416 aequa
212 2363 257 2399 ma
295 2349 415 2413 itudine,
435 2349 545 2418 singula
563 2364 645 2401 areae
663 2348 764 2417 pedum
778 2349 910 2415 quinqua-

111 2431 224 2483 genum,
242 2431 260 2467 a
293 2417 409 2485 eiusque
424 2416 516 2469 lineae
533 2417 689 2485 diagonalis
706 2416 910 2482 longitudinem

110 2483 189 2536 locus
209 2484 360 2552 quadratus
379 2484 492 2551 paribus
510 2485 644 2537 lateribus
664 2483 848 2548 describatur:
871 2483 911 2531 ita

112 2566 193 2619 quam
205 2566 307 2621 magua
321 2552 376 2604 duo
390 2553 502 2621 trigona
514 2553 544 2604 in
558 2553 666 2604 minore
681 2551 818 2620 quadrato
834 2550 910 2616 quin-

111 2633 266 2688 quagenum
279 2620 379 2687 pedum
397 2621 472 2671 linea
485 2621 617 2690 diagonio
631 2620 739 2672 fuerint
755 2618 910 2685 designata,

111 2687 209 2738 eadem
227 2702 254 2738 m
320 2689 417 2740 tudine
437 2695 466 2740 et
485 2690 583 2742 eodem
597 2689 698 2756 pedum
712 2701 826 2737 numero
846 2701 910 2753 qua·

110 2760 176 2807 tuor
187 2755 218 2807 in
231 2771 258 2807 m
289 2769 338 2807 ore
352 2763 433 2810 erunt
448 2756 559 2809 effecta.
595 2757 656 2808 Hac
669 2757 779 2807 ratione
790 2754 911 2822 duplica
