2054 3090
176 115 223 165 ¹⁵56
374 119 426 169 of,
458 119 772 170 saturitatibus

224 220 302 280 Quat
316 224 392 289 potui
408 221 442 270 dt
457 236 545 287 aquae
560 222 662 272 virtute
675 230 705 271 et
722 222 874 281 raritate,
893 232 971 287 qm·

173 302 226 353 qut
237 287 338 339 babeat
350 290 499 349 utilitates,
514 288 670 355 quibusque
682 288 841 339 rationibus
855 288 972 337 tiuutm

172 364 199 403 tt
214 356 360 423 probetur,
374 360 401 419 in
418 355 470 405 bot
485 358 625 407 volumine
638 359 735 423 posui:
751 356 787 406 de
795 354 971 422 gnomonicis

174 438 238 471 tero
253 424 336 475 rebus
351 436 379 475 et
395 424 606 491 horologiorum
621 424 777 475 rationibus
794 426 824 473 iu
843 422 971 491 sequenti

170 493 347 557 per-scribam.

321 766 526 837 LIBER
577 763 815 839 NONUS.

391 962 752 1027 PRAEFATIO.

167 1064 328 1151 huonon
343 1100 470 1163 stoicus,
486 1102 533 1168 qu
549 1100 690 1168 Olympia,
712 1100 827 1168 Pythia,
846 1096 973 1161 toturn,

169 1170 274 1221 Nemea
290 1170 437 1231 vicissent,
463 1168 634 1219 Graecorum
652 1170 773 1219 maiores
794 1169 836 1219 ita
852 1180 972 1234 magnos

169 1236 290 1287 honores
307 1237 525 1299 constituerunt,
546 1236 586 1286 uti
606 1252 661 1287 non
677 1237 762 1288 modo
781 1237 809 1286 in
829 1240 970 1285 conventu

168 1309 275 1355 stantes
286 1318 346 1353 cum
358 1303 486 1370 palmaet
496 1319 602 1354 corona
611 1303 703 1356 ierant
711 1301 875 1367 laudes‚sed
884 1301 970 1352 etiam

169 1386 230 1422 curn
257 1376 432 1420 revertantur
454 1371 483 1420 in
506 1386 571 1421 suas
594 1373 722 1423 ciuitates
750 1387 812 1423 eum
839 1369 970 1430 victoris,

169 1435 369 1505 triurnphantes
384 1436 528 1505 quadrigis
544 1439 572 1488 in
586 1440 697 1490 moenia
711 1446 741 1491 et
757 1440 786 1489 iu
804 1437 911 1507 patrias
929 1436 971 1487 in·

168 1504 317 1567 vehantur,
332 1520 347 1555 e
362 1519 447 1572 reque
461 1505 573 1571 publica
586 1514 721 1574 perpetuu
736 1508 794 1557 rita
807 1504 971 1557 constitutis

169 1572 352 1643 vectigalibus
367 1571 503 1624 fruantur.
540 1574 607 1625 Cum
621 1590 689 1642 ergo
699 1575 728 1626 id
742 1573 970 1633 numitorem,

169 1642 304 1704 admiror,
325 1642 390 1709 quid
407 1642 448 1693 ita
467 1657 523 1693 nou
539 1643 723 1708 scriptoribus
741 1641 826 1693 iidem
845 1638 971 1691 honoret

169 1710 308 1779 etiamque
318 1710 439 1761 maiores
450 1707 507 1760 sint
516 1710 629 1773 tributi,
641 1711 688 1778 qui
697 1710 820 1761 infinitas
831 1708 971 1761 utilitates

168 1794 237 1829 aevo
265 1784 400 1848 perpetuo
432 1778 559 1828 omnibus
588 1777 717 1845 gentibus
744 1782 897 1845 praestant.
939 1774 972 1825 lu

170 1848 241 1897 enirn
257 1846 347 1913 magis
363 1852 423 1897 erat
430 1846 537 1896 institui
551 1845 577 1896 di
619 1861 677 1909 um;
715 1845 771 1896 uoti
782 1842 906 1896 athletae
920 1856 972 1893 sun

169 1930 289 1981 etrrporn
303 1913 552 1966 exercitationibus
566 1928 581 1964 e
613 1860 833 1977 oiuutffortiorm
853 1911 972 1978 scripto·

169 1998 213 2031 ros
225 1998 278 2032 uon
289 1980 379 2032 solum
390 1996 456 2032 suos
467 1995 565 2031 sensus
576 1979 625 2031 sed
638 1981 720 2031 etiarn
731 1980 852 2031 omnium
862 1979 971 2030 animos

170 2050 330 2100 oxuouendo
349 2048 428 2099 libris
442 2048 476 2099 ad
495 2046 655 2099 discendum
671 2053 839 2115 praeparant
855 2058 971 2113 praeoe-

168 2124 223 2181 pto.
243 2118 266 2167 2.
279 2112 970 2184 QuidenimMiloCrotoniates‚quodfuitinriotus,

169 2183 283 2251 protiust
294 2183 468 2235 hominibusi
487 2189 534 2234 aut
544 2183 684 2250 ceteriqui
695 2198 728 2233 eo
743 2195 848 2300 fenore
857 2180 973 2231 fuerunt

170 2251 307 2303 virtoresi
318 2252 371 2301 nisi
383 2251 457 2318 quod
468 2251 531 2301 dum
541 2250 738 2318 rixeruutipsi,
754 2248 972 2301 ntertnosoires

169 2318 324 2370 baburruut
343 2319 526 2370 nobilitatem.
563 2315 741 2385 Pythagorae
764 2330 832 2369 veru
855 2328 969 2385 praece·

168 2392 228 2451 pto,
242 2387 409 2449 iiuniorriti,
421 2386 562 2447 Plutonis,
571 2385 744 2448 Aristotelis,
755 2391 914 2437 ceterorum
932 2396 969 2433 ue

168 2456 332 2520 sopisotiooi
357 2454 531 2523 quotidiana,
555 2453 696 2520 perpetuis
714 2451 859 2503 industriis
883 2455 969 2512 outa

169 2538 221 2570 nou
238 2524 326 2573 solum
342 2527 400 2571 suis
416 2521 523 2572 civibus
539 2520 683 2571 sedetiam
697 2519 824 2570 omnibus
838 2516 970 2587 gentibus

168 2598 295 2639 insontes
307 2598 335 2640 ot
345 2590 461 2640 iloridos
473 2590 558 2640 edunt
570 2586 689 2638 fructus:
707 2586 832 2655 equibus
840 2585 888 2652 qui
901 2599 920 2634 a
928 2590 969 2634 te·

169 2656 244 2705 neris
264 2658 403 2707 uelutibus
424 2656 612 2707 doctrinarum
632 2653 801 2705 abundantia
822 2653 970 2713 satiantur,
