2054 3090
294 177 421 238 uranii
437 185 498 240 iv.v
515 176 690 243 csr.‘vi·-·
720 253 724 260 ,
854 186 898 242 aa*

76 280 885 369 niieo‘ntralraturantepagmentipdrteirtdrtoisiao‘edi-

48 399 53 407 .
75 356 129 408 bus
137 355 245 423 'viginti
258 366 380 425 qumque
391 356 566 425 adtriginta}
579 357 764 426 summa'pirs
775 364 885 412 conua-

79 423 163 475 hatur
172 423 379 491 antepagmenti
411 430 594 477 artcoctav'a't
603 425 713 493 reliqua
723 428 885 493 quaesitio-

78 496 217 565 ruerunt,¹
230 491 266 541 ad
275 439 503 558 perpendiculum
513 493 644 545 videntur
654 498 785 559 oportere
799 495 887 566 collo:

79 560 164 611 cani·
183 561 211 609 2:
226 559 401 625 ipsa'autem
418 560 634 628 antepagmenta
652 559 841 630 [crastufiunt
858 562 886 613 in

72 625 173 698 fronte
191 626 334 677 altitudine
351 626 554 695 luminis'puttc
570 628 753 696 duodeciacam]
777 636 886 680 contra

80 693 239 765 hantuiqu'o'
249 693 278 745 in
293 708 400 745 summo
415 708 482 745 suae
493 696 687 747 crassitudinis
699 701 798 764 quarta
812 698 885 748 dcci·

78 777 125 812 ma
146 767 236 827 parte.
272 760 436 813 Crassitudo
460 763 605 829 supercilii
627 771 730 830 quanta
753 768 885 832 antepag-

78 829 281 880 mentorum'in'
295 838 402 880 summa
414 836 493 895 parte
513 831 568 882 erit
585 832 750 882 crassitudo.
788 831 885 897 Cyma-

79 895 317 961 tium-iaciendum
327 900 500 965 estantcpa'·
530 898 589 949 enti
597 904 676 964 parte
687 905 778 949 sexta:
794 900 885 964 proie-

80 971 267 1016 cturaautem
285 969 452 1031 qaanta'est
471 979 531 1016 eus
550 965 717 1017 crassitudo,
753 965 885 1031 sculpen-

80 1033 208 1083 dum‘est
226 1026 378 1098 cymatium
387 1032 528 1083 'Lesbium'
544 1048 606 1083 eum
626 1030 780 1100 astragaio:
801 1046 886 1098 supra

80 1099 886 1234 arsaticensemmrema

80 1183 255 1302 pln'duni'e'ist
265 1232 415 1302 cymatium
422 1230 566 1297 Doricum,
578 1204 885 1301 astragalumlresbium

29 1361 34 1370 ⁶
80 1302 312 1368 simiosoaiptuiit.
349 1303 460 1353 Corona
468 1300 555 1369 plana
565 1312 627 1353 cum
638 1303 772 1368 cymatio:
794 1303 884 1368 proie-

80 1366 263 1421 ctir'ro'anteni
268 1370 330 1421 eius
342 1371 397 1421 erit
406 1375 509 1437 quanta
518 1368 636 1421 altitudo
647 1371 799 1436 supercilii,
810 1370 885 1436 quod

80 1438 394 1505 suptaan'tepagmenta
401 1438 567 1506 imponitur.
603 1436 712 1489 Dextra
725 1453 758 1488 ac
771 1439 886 1489 sinistra

80 1502 258 1572 proiecturae
277 1506 322 1556 sio'
338 1510 403 1556 sunt
420 1504 579 1568 faciendae,
600 1506 642 1556 uti
659 1505 823 1572 crepidines
839 1521 885 1556 ex-

82 1574 207 1635 curmiiti
234 1573 423 1641 c't'inungue
441 1573 503 1638 ipso
525 1575 647 1641 cymatio
671 1574 884 1642 coniungantur.

82 1642 106 1692 3.
126 1639 277 1692 Sin'a'utem
287 1641 384 1691 lonico
395 1645 498 1711 genere
509 1640 622 1692 fururae
634 1647 728 1703 erunt,
742 1641 836 1692 ium'en
847 1641 884 1690 al-

82 1718 140 1759 tum
154 1707 321 1759 a'd‘eundcm
333 1708 458 1772 modurn,
475 1709 705 1775 quemadmodum
719 1709 748 1758 in
760 1707 884 1770 Derieis,

83 1777 144 1826 fieri
154 1776 275 1827 videtur:
297 1775 416 1827 latitudo
426 1777 624 1839 constituatur,
639 1782 670 1826 ut
683 1775 802 1825 altitudo
817 1775 884 1824 divi-

82 1844 170 1893 datui'
182 1842 324 1910 in‘paites
344 1844 413 1894 duas
433 1849 462 1895 et
480 1844 636 1906 dimidiam,
661 1844 776 1908 eiusque
795 1843 884 1908 partis

82 1911 232 1971 unius‘ima
245 1910 423 1962 luminii'iiat
435 1911 567 1963 latitudo:
592 1912 786 1961 contracturae
800 1910 841 1960 ita
855 1916 885 1959 ut

82 1982 110 2028 in
119 1978 248 2031 Durius·
284 1978 447 2029 Crassitudo
466 1977 884 2046 antepagmentorum'aititudi-

81 2060 116 2096 ne
125 2045 489 2113 luminis'inircnteqdarta
500 2046 609 2096 decima
621 2051 713 2111 parte:
734 2045 896 2111 cymatium

82 2112 163 2164 huius
176 2114 370 2164 crassitudinis
389 2119 480 2163 sexta:
501 2113 611 2180 reliqua
627 2126 692 2178 pars
712 2118 824 2177 praeter
838 2128 884 2178 cy-

81 2181 196 2232 matium
210 2180 350 2232 dividatur
364 2181 393 2230 in
406 2186 500 2247 partes
512 2180 672 2242 duodecim;
693 2177 790 2229 harum
799 2180 883 2230 trium

81 2249 171 2315 prima
189 2263 272 2300 corsa
290 2249 340 2300 frat
358 2264 419 2299 oum
439 2247 593 2314 astragum,
615 2248 737 2298 secunda
756 2254 883 2314 quatuor,

80 2317 167 2367 tertia
187 2317 319 2385 quinque:
341 2330 446 2384 eaeque
466 2330 564 2367 corsae
583 2330 645 2366 cum
664 2315 813 2382 astragalis
833 2314 884 2364 cir-

47 2431 50 2439 .
81 2381 266 2435 cunicuttanti
301 2385 329 2435 4:
345 2380 528 2451 Hyperthyra
541 2389 633 2434 autem
647 2383 682 2433 ad
696 2383 815 2433 eundem
827 2398 884 2431 mo-

80 2452 145 2503 dum
159 2455 372 2519 componantur}
385 2450 617 2520 quemadmodum
630 2452 661 2501 in'
674 2450 797 2500 [loricis.
831 2451 883 2498 An-

81 2520 240 2572 ecnes¹sire
251 2516 396 2587 parotides
406 2522 553 2582 vocentur,
568 2519 730 2584 exsculptae
739 2517 839 2567 dextra
852 2531 884 2565 ac

80 2584 415 2659 sinistiap'raependeant
424 2587 459 2638 ad
470 2588 519 2638 imi
531 2586 674 2654 supercilii
688 2585 882 2636 libramentum

79 2654 195 2722 praetii·
211 2655 320 2706 folium.
355 2650 413 2706 Eae
431 2653 553 2707 habeant
569 2656 597 2705 in
615 2654 709 2704 fronte
723 2650 882 2702 erassitudi-

79 2726 143 2775 ne'm
157 2725 198 2776 εἴ
208 2721 518 2790 antepagmenti'tribus
533 2723 657 2789 partibus
671 2734 766 2782 unam,
785 2720 813 2769 in
827 2720 884 2768 inm
