2054 3090
108 168 157 217 212
312 165 366 237 oa
392 166 709 221 nncurrncruaa

108 269 163 320 tius
178 268 289 319 modum
306 271 490 336 impensarum
506 271 705 322 ratiocinantes
727 268 907 351 explicarent,

108 337 148 386 uti
158 342 250 403 patres
262 336 427 388 familiarum
439 337 473 388 ad
483 338 512 389 id
522 338 597 406 quod
624 351 850 405 raepararrsscut
859 351 906 389 seu

106 405 189 469 paulo
201 405 317 472 amplius
328 405 490 458 adiicientes
501 407 628 457 aedificia
637 405 810 474 expedirent.
838 402 905 457 Nam

108 473 154 537 qui
165 471 367 590 quadr-inperita
376 472 410 523 ad
421 487 490 540 opus
500 479 616 541 possunt
625 487 733 540 parare,
740 473 765 524 si
774 471 907 525 adiiciant

109 548 233 603 centum,
249 537 284 589 ha
305 540 375 591 endo
390 555 468 607 spem
481 541 662 608 perfectionis
674 539 905 592 delectationibus

110 613 251 671 tenentum
263 608 310 674 qui
320 614 412 658 autem
423 609 580 660 adiectione
591 608 705 660 dimidia
713 613 763 659 aut
771 622 817 658 am
837 607 905 658 liora

109 680 218 741 sumptu
238 681 401 737 onerantur,
422 676 580 752 amissaspe
600 683 629 727 et
645 676 770 742 impensa
788 689 807 725 a
838 680 905 736 octa,

110 741 205 792 fractis
219 742 302 792 rebus
313 748 342 793 et
351 743 462 807 animis,
480 744 616 796 desistere
626 748 773 811 coguntur.
809 742 835 795 3.
849 739 905 794 Nec

110 809 199 859 solum
213 809 242 859 id
255 810 351 860 vitium
361 810 390 860 in
401 810 535 862 aedificiis
546 811 596 862 sed
607 812 690 862 etiam
698 811 727 860 iu
736 808 905 870 muneribus,

110 891 180 942 quae
195 877 429 944 amagistratibus
440 878 502 929 ioro
515 878 699 946 gladiatorum
709 877 859 944 scenisque
868 876 905 926 lu·

110 945 207 995 dorum
226 944 337 1009 dantum
356 944 455 1012 quibus
475 960 526 997 nec
543 961 623 997 mora
640 959 728 1012 neque
748 943 906 1010 expectatio

111 1011 287 1076 conceditur,
301 1012 352 1063 sed
369 1013 523 1064 necessitas
540 1013 619 1064 finito
632 1020 757 1079 tempore
772 1012 906 1078 perticere

111 1080 202 1146 cogit,
217 1079 300 1131 idest
312 1079 394 1145 sedes
404 1080 625 1147 spectaculorum
639 1080 818 1147 velorumque
832 1078 907 1130 indu·

111 1148 218 1198 stiones
229 1154 257 1199 et
267 1162 301 1198 ea
310 1149 411 1211 omnia,
416 1149 610 1228 quaesconicis
619 1147 741 1200 moribus
748 1143 907 1214 panmachi-

111 1216 251 1266 nationem
269 1215 304 1266 ad
319 1222 507 1282 spectationes
521 1230 557 1282 po
577 1215 625 1267 ulo
639 1220 844 1282 comparantur.
879 1214 908 1263 ln

111 1280 154 1332 his
169 1297 236 1334 vero
252 1298 320 1350 opus
334 1289 379 1334 est
391 1282 539 1351 prudentia
553 1231 681 1350 diligenti
695 1289 724 1334 et
735 1281 846 1349 ingenii
863 1280 908 1331 do·

111 1351 226 1399 ctissimi
242 1351 378 1418 cogitatam
398 1350 472 1417 quod
491 1348 560 1402 nihil
579 1365 675 1402 eorum
690 1349 835 1419 perficitur
850 1349 908 1400 sina

111 1415 315 1468 machinatione
329 1418 537 1485 studiorumque
552 1418 629 1470 vario
644 1433 677 1469 ac
689 1417 788 1469 solerti
801 1417 908 1497 vigore.

111 1483 135 1532 4.
154 1484 243 1550 lgitur
257 1485 386 1551 quoniam
396 1482 466 1536 haec
474 1486 516 1538 ita
525 1491 589 1536 sunt
596 1485 699 1537 tradita
709 1491 737 1538 et
747 1489 909 1546 constatuta,

113 1566 166 1601 non
177 1551 287 1602 ridetur
302 1567 364 1603 esse
375 1551 507 1616 alienum,
526 1553 566 1605 uti
582 1559 662 1604 cauto
672 1566 832 1619 summaque
848 1551 909 1602 dill-

112 1619 218 1685 gentia,
242 1625 389 1685 antequam
401 1620 582 1672 instituantur
596 1635 695 1688 opera,
715 1634 811 1671 eorum
827 1632 909 1686 expe·

112 1687 362 1738 dianturrationes.‘
393 1687 910 1756 Ergoquoniamnequelexnequemo·

111 1771 170 1806 rum
180 1755 318 1807 institutio
329 1755 359 1805 id
368 1761 461 1821 potest
468 1771 583 1824 eogere,
598 1762 628 1807 et
636 1755 783 1823 quotannis
794 1761 910 1821 etprae-

113 1831 188 1874 tores
200 1829 229 1873 et
238 1822 344 1875 aediles
358 1823 485 1874 ludorum
501 1837 585 1874 causa
597 1821 818 1874 machinationes
831 1835 910 1889 prae·

112 1906 210 1957 parare
226 1891 340 1952 debent,
354 1892 443 1941 risum
456 1888 524 1940 mihi
534 1897 588 1954 est,
598 1891 764 1957 lmperator,
779 1904 835 1940 uon
846 1902 910 1940 esse

112 1959 244 2020 alienum,
261 1959 390 2025 quoniam
406 1959 440 2009 de
456 1958 591 2009 aediliciis
601 1959 630 2008 in
639 1958 779 2025 prioribus
792 1956 908 2007 volumi·

112 2026 193 2076 nibus
203 2027 332 2092 exposui,
343 2026 372 2076 in
382 2024 448 2088 hoc,
459 2026 533 2092 quod
543 2026 696 2077 finitionem
707 2039 840 2076 summam
850 2038 910 2074 cor-

112 2094 188 2158 poris
203 2091 287 2143 habet
300 2095 491 2155 constitutam,
505 2107 575 2160 quae
590 2094 646 2144 sint
658 2092 794 2158 principia
808 2089 909 2142 machi·

113 2175 220 2224 narum,
230 2161 358 2212 ordinata
367 2162 523 2228 praeceptis
535 2160 683 2227 explicare.

427 2261 558 2314 CAPUT
575 2262 596 2314 l.

113 2344 161 2397 De
178 2345 327 2397 machina
349 2354 381 2397 et
401 2345 466 2397 aios
489 2345 527 2397 ab
550 2361 675 2414 organo
693 2342 907 2416 diffareatio.

162 2429 292 2483 Machina
307 2437 350 2482 est
359 2431 504 2481 continens
516 2445 550 2482 ex
560 2431 676 2481 materia
686 2428 844 2480 coniunctio
855 2444 908 2479 ma·

112 2501 200 2552 xlmas
216 2498 251 2548 ad
263 2513 377 2549 onerum
390 2505 481 2548 motus
495 2496 598 2548 habens
608 2499 734 2549 virtutes.
768 2496 810 2547 lla
819 2510 912 2546 more·

111 2576 157 2620 tur
166 2582 201 2619 ex
210 2574 269 2616 arte
280 2565 446 2617 circulorum
456 2566 706 2629 rotundationibus,
718 2579 798 2630 quam
810 2562 910 2614 Graeci

112 2629 330 2696 nestorianismo
336 2633 483 2700 appellant
494 2633 546 2684 Est
551 2638 729 2683 autemunum
735 2646 823 2699 genus
833 2645 912 2680 scau-

113 2703 226 2765 sorium,
235 2701 309 2768 quod
319 2715 419 2769 graece
430 2697 600 2766 ἀκροβατικὰν
610 2700 721 2751 dicitur:
733 2699 851 2757 alterum
858 2697 912 2766 spi·
