2054 3090
111 197 158 249 izo
310 197 365 248 DE
394 199 716 251 ARCHITECTURA

108 301 257 352 tribuatur.
294 301 362 352 Cum
372 307 462 352 autem
474 301 508 352 ab
519 301 703 369 quadraginta
712 301 747 352 ad
757 301 915 370 sexaginte,

108 369 229 422 latitudo
242 368 419 420 dividaturin
431 375 525 434 partes
540 370 675 436 quinque,
694 375 771 420 etex
785 367 830 421 bis
844 370 915 422 duae

108 436 215 487 tablino
237 436 457 487 contribuantur.
492 436 556 488 Non
574 438 646 488 eninr
664 437 736 487 atria
753 436 865 488 minora
883 453 915 489 ac

109 505 217 555 maiora
227 503 339 555 easdem
349 509 469 571 possunt
478 502 581 555 habere
593 504 817 572 symmetriarum
828 505 914 556 ratio·

109 587 168 623 nes.
204 570 234 623 Si
245 572 318 622 enim
327 573 463 623 minorum
479 573 648 638 symmetriis
659 578 768 622 utemur
782 572 812 622 in
828 573 915 623 nraio·

110 639 198 701 ribus,
219 654 309 705 neque
323 639 430 690 tablina
443 654 533 706 neque
544 641 605 690 alae
615 640 764 691 utilitatem
780 645 915 705 poterunt

109 705 225 769 babere;
237 707 280 756 sin
290 715 383 758 autem
393 708 530 758 maiorum
540 708 568 757 in
578 707 731 758 minoribus
742 713 862 770 utemur,
868 722 914 758 va·

110 780 154 824 sta
164 781 193 824 et
201 773 333 825 immania
341 776 369 825 in
379 773 423 824 bis
433 789 467 824 ea
479 775 697 825 eruntmenrbra.
725 774 823 842 itaque
850 789 915 826 ene·

111 841 191 891 ratim
206 842 425 908 magnitudinem
442 843 567 893 rationes
582 843 736 909 exquisitas
753 848 782 892 et
796 859 816 892 u
854 843 917 893 'tati

110 914 140 959 et
154 909 280 974 aspectui
291 909 508 960 conscribendas
518 910 621 976 putavi.
653 908 677 960 6.
695 909 823 960 Altitudo
832 909 914 960 tabii-

111 975 139 1025 ni
153 976 188 1026 ad
198 978 305 1027 trabem
316 977 427 1027 adiecta
437 977 591 1027 latitudinis
603 984 703 1028 octava
717 976 914 1028 constituatur.

111 1042 269 1094 Lacunaria
284 1044 344 1095 eius
358 1045 442 1095 tertia
454 1045 609 1095 latitudinis
623 1045 658 1094 ad
672 1043 848 1095 altitudinem
868 1044 915 1095 ad-

110 1111 184 1162 iecta
194 1111 373 1162 extollantur.
407 1112 515 1163 Fauces
525 1111 678 1162 minoribus
689 1111 767 1162 atriis
782 1126 797 1162 e
813 1112 913 1162 tablini

109 1178 258 1230 latitudine
274 1179 386 1247 dempta
396 1180 494 1242 tertia,
509 1179 660 1230 maioribus
672 1179 799 1241 dimidia,
810 1180 915 1231 consti·

110 1251 232 1297 tuantur.
268 1246 406 1315 imagines
426 1248 492 1298 item
507 1248 563 1298 alte
583 1263 644 1297 cum
665 1247 722 1297 suis
743 1247 914 1298 ornamentis

111 1313 146 1362 sd
156 1312 333 1364 latitudinem
345 1315 449 1365 alarum
461 1315 517 1365 sint
527 1315 705 1365 constitutae.
734 1313 913 1365 Latitudines

112 1379 247 1430 ostiorum
259 1379 294 1430 ad
305 1381 487 1443 altitudinem,
499 1383 523 1432 si
533 1381 639 1432 Dorica
648 1387 737 1444 erunt,
747 1381 788 1430 uti
797 1381 914 1444 Dorico,

111 1447 135 1498 si
145 1447 241 1497 ionica
256 1453 350 1509 erunt,
365 1449 408 1498 uti
417 1449 513 1499 lonica
525 1450 719 1514 perficiantur,
735 1449 914 1515 quemadmo-

111 1514 175 1565 dum
186 1513 220 1564 de
230 1511 411 1580 thyromatis3
431 1516 459 1565 in
470 1516 570 1582 quibus
586 1523 684 1583 quarto
699 1516 771 1567 libro
787 1517 913 1568 rationes

111 1582 335 1648 symmetriarum
358 1589 423 1632 sunt
449 1584 603 1650 expositae.
640 1583 796 1650 Compluvii
821 1583 914 1634 iumen

111 1649 198 1700 iatum
211 1648 367 1700 latitudinis
379 1650 441 1700 atrii
453 1666 487 1701 ne
500 1652 591 1702 minus
603 1657 715 1718 quarta,
734 1666 769 1702 ne
779 1650 842 1718 pius
858 1656 913 1701 ter·

109 1716 151 1768 tia
168 1724 248 1784 parte
267 1717 452 1784 relinquatur;
472 1719 619 1786 longitudo
638 1720 679 1770 uti
699 1719 764 1770 atrii
781 1733 833 1785 pro
852 1728 915 1768 rata

109 1792 189 1852 parte
199 1785 256 1837 fiat
290 1785 315 1837 ¹1.
336 1785 488 1853 Peristylia
503 1792 594 1836 autem
607 1787 635 1836 in
650 1792 811 1837 transverso
829 1786 915 1837 tertia

109 1860 189 1920 parte
203 1852 334 1921 longiora
348 1853 404 1904 sint
422 1869 504 1921 quam
521 1855 672 1904 introrsus:
693 1853 838 1904 columnae
857 1862 913 1904 tarn

111 1922 185 1973 altae
227 1936 290 1972 uam
308 1922 434 1987 porticus
453 1921 526 1972 iatae
549 1920 661 1971 fuerint.
698 1920 913 1988 Peristyliorum

110 1937 325 2040 interebiumnia
335 2004 369 2039 ne
380 1991 470 2041 minus
479 1990 577 2051 trium,
588 2003 623 2038 ne
635 1989 696 2053 plus
707 1994 828 2055 quatuor
838 1988 914 2039 colu-

111 2072 234 2108 mnarum
256 2057 440 2108 crassitudine
459 2057 533 2107 inter
551 2070 582 2106 se
602 2055 716 2107 distent.
750 2055 800 2107 Sin
820 2061 914 2106 autem

110 2122 216 2175 Dorico
235 2138 313 2174 more
328 2126 356 2175 in
372 2123 519 2190 peristylio
542 2123 687 2174 columnae
708 2128 790 2174 erunt
807 2121 914 2174 iaciun-

111 2192 177 2253 dae,
188 2191 228 2241 uti
239 2191 267 2239 in
279 2197 378 2256 quarto
390 2192 461 2242 libro
473 2191 507 2242 de
517 2190 630 2241 Doricis
641 2191 756 2255 scripsi,
767 2191 808 2241 its
816 2190 914 2242 modu-

110 2257 130 2306 li
141 2262 299 2319 sumantur,
314 2256 387 2308 etad
398 2273 448 2309 eos
458 2258 587 2309 modulos
597 2256 805 2324 triglyphorum
825 2272 861 2308 ue
872 2273 914 2307 ra-

110 2325 203 2376 tiones
219 2324 410 2390 disponantur.
445 2325 470 2376 8.
489 2325 687 2376 'lbicliniorum
702 2274 914 2391 quantabatitu-

111 2390 146 2442 do
159 2392 258 2450 fuerit,
272 2391 316 2442 bis
326 2397 404 2442 tanta
418 2392 565 2461 iongitudo
583 2393 642 2442 lieri
658 2392 780 2443 debebit.
816 2393 914 2443 Altitu-

110 2457 190 2512 dines
210 2460 331 2512 omnium
343 2461 562 2523 conclaviorum,
577 2474 647 2526 quae
659 2460 782 2527 oblonga
800 2459 915 2515 fuerint.

109 2526 152 2577 sic
162 2528 265 2580 babere
276 2527 379 2578 debent
388 2530 539 2591 rationem,
555 2529 597 2578 uti
611 2527 795 2594 longitudinis
811 2534 839 2578 et
852 2527 911 2578 iati-

109 2594 215 2647 tudinis
230 2610 362 2647 mensura
375 2601 570 2662 componatur,
586 2600 615 2645 et
625 2609 660 2644 ex
671 2609 705 2644 ea
715 2611 821 2645 summa
835 2595 915 2645 dimi-

109 2657 185 2713 dium
197 2669 333 2726 sumatur,
351 2670 380 2714 et
391 2670 521 2731 quantum
536 2662 635 2724 fuerit,
649 2668 757 2713 tantum
773 2662 914 2715 altitudini

108 2723 200 2784 detur.
237 2731 286 2784 Sin
305 2737 397 2783 eutem
418 2730 539 2783 exedrae
559 2735 607 2782 aut
626 2730 690 2782 oeci
709 2730 838 2798 quadrati
855 2729 904 2780 fue
