2046 3352
181 116 213 166 52
374 114 429 166 DE
456 115 789 168 ARCHITECTURA

181 223 243 279 pter
258 217 440 267 acritudinem
454 232 510 268 non
524 218 630 284 patitur
642 224 790 284 penetrare
804 217 920 280 cariem,
935 233 972 269 ns

184 299 235 350 quc
246 298 293 333 eas
303 283 525 350 bestiolas,quae
535 290 599 334 sunt
607 291 750 335 nocentes.
777 284 979 351 ldeoquequas

183 367 217 402 ex
227 349 270 400 his
281 352 430 416 generibus
441 365 527 416 opera
535 353 756 412 constituuntur,
771 361 936 416 permanent
947 352 982 401 ad

184 425 323 468 aeternam
334 417 552 469 diuturnitatem,
588 419 628 469 13.
646 418 714 469 ltem
725 418 824 468 cedrus
834 423 863 468 et
876 419 982 483 iunipe-

184 502 230 535 rus
241 485 352 534 easdem
363 482 466 541 habent
474 484 592 535 virtutes
601 493 630 536 et
638 485 788 548 utilitates;
798 485 983 550 sedquemad-

183 552 293 602 modum
304 566 338 601 ex
349 565 481 616 cupressu
492 551 872 617 etpinuresinasicercedro
880 551 982 613 oleum,

183 619 256 684 quod
268 618 391 669 cedrium
402 618 518 680 dicitur,
528 619 664 680 nascitur,
681 633 734 684 quo
745 618 869 685 reliquae
879 632 926 668 res
934 634 983 668 un·

183 693 253 747 ctae,
264 686 306 735 uti
316 686 399 734 etiam
408 685 481 746 libri,
492 700 509 735 a
518 685 601 734 tineis
612 692 641 735 et
650 700 667 734 a
676 685 751 734 carie
761 699 816 734 uon
826 685 983 735 laeduntur.

183 752 296 804 Arboris
312 757 404 802 autem
419 753 554 802 eiussunt
569 751 674 802 similes
689 765 855 815 cupresseae
870 750 984 801 loliatus

186 835 249 881 rae,
264 819 394 868 materies
405 833 476 868 vena
490 818 604 868 directa.
639 816 743 883 Ephesi
753 818 782 867 in
792 815 983 868 aede'simula-

184 903 258 937 orum
271 886 376 935 Dianae
392 886 482 951 etiam·
491 884 633 935 lacunaria
648 899 682 935 er
696 883 816 934 caetibi
826 885 892 935 etin
909 891 983 934 cete·

184 955 222 1003 ris
238 952 378 1002 nobilibus
394 950 467 1002 fanis
482 959 596 1018 propter
611 951 803 1003 aeternitatem
819 956 884 1001 sunt
897 950 981 1002 facta.

184 1021 208 1072 N
210 1025 341 1069 ascuntur
351 1025 442 1082 autem
453 1017 505 1069 hae
515 1018 629 1070 arbores
638 1018 756 1069 maxime
767 1017 866 1068 cretas
877 1016 983 1073 etdfri-

185 1102 233 1137 eae
245 1093 273 1136 et
283 1085 423 1136 nonnullis
434 1085 532 1152 Syriae
542 1086 712 1153 regionibus.
748 1086 788 1134 14.
807 1084 894 1135 Larix
905 1099 982 1145 vero,

184 1155 229 1219 qui
241 1167 295 1207 non
307 1159 439 1203 estnotus
450 1153 504 1202 nisi
515 1151 559 1202 bis
568 1151 789 1217 municipalibus,
801 1152 848 1218 qui
857 1158 922 1201 sunt
931 1152 983 1200 cir·
1002 1167 1006 1174 ·

185 1235 218 1269 ca
227 1220 313 1284 ripam
324 1217 442 1277 fluminis
453 1217 523 1270 Padi
533 1225 561 1269 et
570 1220 667 1270 littora
675 1219 759 1269 maris
768 1217 915 1280 Adriatici,
926 1233 983 1268 non

183 1285 273 1336 solum
284 1285 318 1334 ab
328 1286 405 1334 succi
416 1282 572 1352 vehementi
581 1286 725 1336 amaritate
736 1285 770 1335 ab
781 1285 855 1336 carie
866 1291 914 1335 aut
923 1299 940 1334 a
949 1285 983 1334 ti-

184 1367 237 1403 nea
246 1366 300 1401 non
311 1356 440 1412 nocetur,
457 1352 507 1402 sed
517 1354 600 1401 etiam
611 1351 746 1402 flammam
757 1353 860 1419 exigui
869 1366 925 1402 non
941 1366 984 1401 re-

184 1420 259 1484 cipit,
270 1419 342 1468 neci
360 1431 391 1468 se
420 1432 490 1469 erse
500 1418 709 1484 potestardere‚
720 1419 774 1469 nisi
784 1419 837 1481 (uti
847 1433 944 1469 saxum
955 1419 984 1469 in

183 1486 297 1536 fornace
367 1433 471 1534 cubem
488 1485 671 1551 coquendam)
688 1485 751 1536 aliis
771 1485 857 1552 lignis
873 1491 982 1536 uratur:

107 1590 114 1604 .
184 1568 236 1604 neo
253 1558 346 1602 tamen
365 1557 432 1602 tuno
445 1550 579 1602 flammam
594 1553 694 1618 recipit
707 1567 759 1603 nec
774 1553 921 1603 carbonem
940 1566 983 1603 re·

183 1620 282 1681 mittit,
298 1618 348 1669 sed
362 1620 447 1684 longo
459 1620 549 1683 spatio
559 1619 638 1670 tarde
655 1619 840 1681 comburitur,
855 1617 984 1685 quodest

183 1688 296 1750 minima
304 1686 412 1752 igniset
422 1686 494 1736 aeris
505 1700 520 1736 e
530 1686 675 1752 principiis
684 1692 880 1751 temperatura,
887 1684 983 1736 humo-

141 1762 143 1766 '
181 1769 212 1805 re
223 1760 314 1804 autem
325 1759 354 1803 et
364 1759 475 1803 terreno
487 1760 530 1803 est
539 1753 750 1818 materiaspisse
761 1751 916 1804 solidataet
927 1767 982 1803 uon

183 1821 287 1872 babens
298 1820 389 1886 spatia
399 1818 574 1882 foraminum,
581 1835 635 1886 qua
643 1820 735 1885 possit
743 1820 817 1886 ignis
825 1824 982 1884 penetrare,

182 1889 329 1954 reiicitquc
340 1888 400 1938 eius
407 1887 463 1937 rim
472 1901 524 1937 nec
534 1888 637 1952 patitur
647 1887 680 1937 ab
691 1901 725 1937 eo
740 1887 795 1937 sibi
805 1887 861 1936 cito
872 1887 981 1935 noceri:

182 1961 349 2020 propterque
365 1953 474 2019 pondus
484 1954 518 2004 ab
529 1969 600 2020 aqua
609 1969 664 2004 nou
675 1953 842 2016 sustinetur,
860 1952 910 2003 sed
920 1967 982 2003 cum

201 2028 317 2083 ortatur,
328 2020 412 2070 autin
423 2020 537 2071 navibus
548 2028 596 2071 aut
604 2036 688 2086 supra
697 2019 829 2085 abiegnas
839 2024 915 2069 rates
925 2018 981 2069 col-

182 2037 300 2137 focatur.
336 2086 375 2137 15.
395 2087 538 2137 Esautem
552 2089 683 2138 materies
716 2085 929 2136 uensdmodun
945 2086 983 2136 sit

181 2155 306 2214 inventa,
323 2159 367 2203 est
383 2168 468 2204 causa
482 2169 662 2222 cognoscere.
724 2153 785 2202 ivus
797 2153 901 2203 Caesar
918 2167 981 2207 eum

183 2222 335 2272 exercitum
345 2216 489 2272 habuisset
497 2221 659 2286 circadlpes
668 2218 918 2286 imperavissetque
923 2233 981 2269 rnu-

143 2311 151 2325 ·
182 2288 292 2354 nicipils
302 2293 445 2353 praestare
457 2294 634 2349 commeatus,
645 2285 740 2352 ibique
749 2290 826 2335 esset
835 2284 981 2336 castellum

181 2355 326 2415 munitum,
342 2353 416 2420 quod
430 2360 578 2405 vocaretur
587 2353 751 2419 Larignum,
766 2357 832 2401 tunc
849 2351 936 2417 quiin
945 2367 980 2403 eo

181 2421 306 2483 fuerunt,
318 2420 438 2470 naturali
447 2421 600 2471 munitione
610 2419 721 2479 conlisi,
738 2417 887 2469 noluerunt
895 2417 981 2484 impe-

180 2490 222 2539 rio
238 2502 346 2555 parere.
381 2487 477 2554 ltaque
490 2489 527 2537 im
548 2485 746 2601 eratorcopias
756 2484 839 2535 iussit
851 2484 980 2536 admove·

180 2557 211 2605 ri.
248 2556 314 2606 Erat
331 2560 423 2606 autem
436 2561 501 2605 ante
516 2569 575 2604 erus
596 2552 683 2603 castel
696 2553 706 2601 i
720 2557 830 2618 portam
845 2552 932 2602 turris
945 2566 981 2605 ex

180 2621 231 2672 bac
243 2623 360 2674 nnateria
373 2620 489 2673 alternis
503 2619 628 2672 trabibus
640 2617 808 2672 transversis
829 2618 884 2682 (uti
898 2622 980 2687 pyra)
