2054 3090
107 193 141 242 88
306 194 360 246 DE
386 192 709 245 Ancurwcruttn

386 329 517 382 cnPuT
544 327 627 381 v111.

346 394 423 452 (vulpe
434 395 489 438 vn.
499 399 553 438 sect.
565 398 584 438 o.
595 394 669 451 seqq-J

153 465 201 520 De
218 468 348 521 aedibus
367 469 514 520 retundis
536 467 673 536 aliisque
692 467 866 536 generibus

349 535 471 587 aedium
491 551 664 588 sacrarum.

158 620 243 670 Fiunt
256 626 350 671 autem
363 619 447 671 aedes
459 620 610 684 rotundae,
625 635 641 672 t
655 619 755 688 quibus
767 621 843 672 elias
852 634 910 672 me-

109 693 242 752 nopteroe
253 688 314 738 sine
325 685 399 738 cella
407 688 582 739 columnatae
596 690 816 753 constituunturc
836 689 911 740 aliae

109 755 265 820 peripteroe
276 753 414 807 dicuntur.
451 755 528 816 Quae
539 757 600 807 sins
611 755 683 806 ceila
693 755 776 818 fiunt,
786 756 910 807 tribunal

110 821 211 872 babent
226 827 255 872 et
268 832 413 873 ascensum
424 836 459 874 en
472 838 524 874 sua
540 822 677 874 diametro
693 823 796 874 tertiae
808 825 910 891 parties

109 891 222 955 insuper
241 889 397 955 stylobatas
417 890 563 941 columnae
579 890 788 941 constituuntur
799 895 856 940 tam
870 891 910 940 sl-

108 964 163 1018 tae‚
174 962 277 1022 quanta
286 956 321 1007 ab
331 957 463 1007 extremis
491 956 911 1024 artibusestdiametrosstylo-

109 1024 247 1087 batarum3
264 1023 449 1075 crassitudine
459 973 615 1076 aYtitudinis
626 1038 695 1074 snat
704 1036 767 1074 cum
778 1024 910 1092 capimlis

110 1097 139 1141 et
157 1091 240 1157 spiris
260 1091 385 1142 decimae
402 1092 499 1158 partis.
533 1090 702 1159 Epistylium
724 1091 811 1142 altum
833 1091 910 1142 eolu-

110 1172 191 1209 mnae
205 1158 398 1210 crassitudinis
412 1158 528 1210 dimidie
539 1165 631 1226 parte:
652 1156 793 1224 zopborus
807 1159 910 1210 etreli-

110 1240 176 1293 qua,
192 1240 262 1341 spuae
271 1226 384 1294 insuper
392 1226 582 1294 imponuntur,
596 1227 638 1276 ita
646 1226 688 1276 uti
696 1227 725 1275 in
735 1225 822 1276 tertio
831 1226 911 1277 rolu-

110 1294 184 1343 mine
217 1306 232 1342 e
246 1295 417 1359 symmetriis
430 1295 540 1360 scripsi.
575 1295 599 1344 2.
619 1292 667 1344 Sin
682 1297 775 1342 autem
788 1293 910 1360 peripte-

110 1375 157 1410 ros
169 1373 202 1408 ea
213 1359 296 1410 aedes
310 1362 509 1422 constituetur,
523 1360 578 1411 duo
588 1360 690 1428 gradus
705 1365 734 1410 ct
747 1360 910 1426 stylobatae

110 1426 144 1476 ab
158 1426 214 1475 imo
230 1427 447 1491 constituantur3
461 1427 562 1479 deiude
576 1427 665 1478 cellae
678 1427 771 1494 paries
787 1427 910 1478 colloce-

110 1501 155 1543 tur
169 1507 230 1542 cum
241 1507 355 1544 recessu
364 1494 424 1544 eius
435 1509 452 1543 a
461 1494 604 1561 stylobata
611 1495 686 1544 circa
694 1499 802 1561 partem
815 1493 911 1545 latitu-

110 1560 183 1610 dinis
198 1560 334 1624 quintam;
354 1561 447 1611 medio
468 1576 503 1611 ue
517 1562 657 1611 valvarum
671 1562 751 1612 locus
764 1561 800 1613 ed
817 1561 912 1613 aditus

111 1627 294 1692 relinquatur:
318 1642 406 1694 eaque
425 1643 457 1678 ce
481 1643 498 1678 a
515 1634 619 1680 tantem
634 1626 737 1678 hebeat
753 1628 910 1680 diametron

111 1700 221 1761 praeter
234 1695 356 1761 parietes
370 1700 399 1746 et
415 1695 620 1758 circuitionem,
639 1701 769 1762 quantam
786 1696 910 1746 altitudi-

111 1777 171 1813 nem
188 1762 317 1812 columna
329 1777 412 1830 supra
425 1763 603 1829 stylobatam.
639 1761 790 1813 columnae
805 1764 910 1814 circum

110 1830 209 1881 cellam
222 1829 322 1880 iisdem
336 1831 563 1896 proportionibus
578 1831 802 1897 symmetriisque
816 1830 861 1881 dis
881 1845 910 1881 o-

110 1904 216 1948 nantur.
253 1896 276 1947 3.
296 1897 378 1948 Tecti
392 1898 465 1948 ratio
474 1896 671 1959 itababeatmr,
684 1897 726 1948 uti
734 1902 837 1965 quanta
872 1898 911 1947 ia-

110 1973 212 2016 metros
223 1965 311 2015 totius
321 1965 415 2031 operis
425 1965 479 2016 erit
487 1964 594 2026 futura,
605 1964 721 2016 dimidia
730 1965 850 2021 altitude
861 1965 911 2017 fiat

110 2031 180 2082 tholi
198 2038 308 2097 praeter
320 2030 430 2082 floreant
449 2030 502 2083 ilos
517 2039 610 2083 autem
619 2037 724 2082 tantam
738 2030 840 2082 babeat
853 2046 910 2082 ma·

110 2100 295 2164 gnitudinem,
315 2106 446 2165 quantam
464 2098 594 2150 babuerit
606 2100 636 2149 in
649 2099 785 2149 columnis
805 2100 910 2166 capitu-

109 2166 179 2226 lum,
197 2172 309 2230 praeter
317 2168 498 2232 pyramidem.
533 2166 702 2233 Reliquauti
713 2167 912 2234 suprascripta

111 2238 174 2350 nupt
187 2247 233 2294 ea,
250 2234 478 2298 proportionibus
496 2240 580 2302 atque
593 2235 763 2301 symmetriis
779 2233 910 2285 faciende

110 2300 136 2349 vi
157 2306 245 2350 entur.

159 2367 183 2418 4.
203 2367 271 2418 Item
291 2367 443 2434 generibus
460 2369 523 2420 aliis
543 2369 750 2420 constituunmr
771 2368 857 2420 mdes
875 2382 911 2420 ex

109 2434 208 2486 iisdem
222 2435 392 2554 spmmetriis
407 2435 563 2499 ordinatae,
585 2443 614 2487 et
626 2435 682 2487 elio
696 2448 799 2504 genere
817 2428 910 2502 dispo·

110 2503 227 2554 sitiones
258 2502 386 2566 abenton,
401 2504 443 2554 uti
456 2504 619 2555 etGastoris
628 2505 657 2554 in
668 2503 750 2554 Oirco
760 2504 909 2565 Flaminio,
943 2547 947 2555 .

110 2575 138 2619 et
154 2571 228 2622 inter
246 2571 316 2621 duos
330 2571 409 2622 lucos
423 2569 553 2632 veiovis,
570 2572 638 2622 item
654 2570 781 2638 argutius
794 2570 910 2622 Nemori

109 2634 216 2689 Dianae
232 2639 369 2690 colomnis
384 2637 502 2690 adiectis
517 2639 615 2689 dentre
632 2652 665 2690 ee
682 2639 796 2690 sinistra
813 2638 849 2689 ad
862 2636 909 2689 bn·

108 2718 201 2756 meros
219 2707 327 2774 pronai.
363 2704 427 2757 Hoc
446 2711 538 2758 autern
551 2720 654 2772 genere
667 2707 758 2774 primo
772 2704 849 2757 iacta
866 2720 911 2756 ae·
