2054 3090
330 230 459 284 LIBER
479 231 512 284 V.
549 234 635 284 cnP.
654 229 704 285 Vl.
868 229 915 282 rot

108 340 166 387 ter:
186 333 339 386 secundum
353 349 387 384 ea
400 335 464 385 loca
478 319 610 386 versurae
626 341 690 387 sunt
707 340 914 402 procurrentes,

108 414 181 471 quae
197 402 321 453 efficiunt
336 417 391 452 una
404 415 421 452 a
435 401 499 453 foro
515 404 605 453 altera
620 419 636 452 a
669 418 767 470 eregre
783 403 874 452 aditus
885 403 913 451 in

107 482 231 522 scenam.
269 467 411 587 [Sequitur
427 471 472 520 ool
492 469 559 521 oCc
578 479 607 520 ot
623 419 701 521 Vhl.
718 471 749 521 de
765 469 849 520 tribas
861 484 913 518 see-

108 553 206 589 naram
218 536 316 605 generi
333 552 363 587 nr
377 544 405 587 et
418 537 462 587 the
482 537 530 588 tris
569 553 723 600 raetorum,
740 536 814 588 euius
825 544 913 604 porte-

108 604 168 656 rior
173 620 242 672 pars
253 619 323 655 nanc
332 604 478 671 separatim
491 604 614 673 legitera]
650 604 675 657 9.
695 606 807 657 Genera
822 611 914 654 autern

108 679 175 741 sunt
185 687 331 724 scenarum
344 673 413 722 tria:
434 689 531 735 unum,
553 673 628 739 quod
646 673 749 725 dicitur
767 673 914 740 tragicum,

109 740 229 792 alterum
249 741 399 802 comicum,
418 741 532 790 tertium
548 741 709 807 satyricum.
745 740 854 791 Horum
869 755 914 789 au-

104 809 167 859 'tem
181 814 295 859 ornatus
312 813 376 858 sunt
385 808 460 857 inter
469 823 499 858 se
511 808 643 858 dissimili
654 807 815 876 disparique
830 808 914 857 ratio·

109 890 157 926 nc:
179 876 253 943 quod
263 876 389 942 tragicae
401 873 592 926 deformantur
603 875 739 926 columnis
752 882 781 927 et
790 874 913 940 fastigiis

109 950 139 994 et
147 944 237 1010 signis
249 943 420 1009 reliquisque
429 943 573 1010 regalibus
582 943 678 995 rebus:
688 944 811 994 comicae
823 948 915 992 autem

108 1011 302 1062 aedificiorum
311 1011 484 1076 privatorum
498 1017 528 1061 et
536 1011 728 1062 menianorum
740 1009 844 1059 habent
854 1023 914 1074 spe-

110 1079 196 1140 ciem,
211 1084 432 1144 prospectusque
446 1076 579 1129 fenestris
596 1077 749 1144 dispositos
758 1077 915 1126 imitatione

110 1147 295 1196 communium
305 1145 497 1196 aedificiorum
507 1145 675 1196 rationibus:
697 1145 837 1211 satyricae
848 1157 915 1194 vero

110 1219 244 1263 ornantur
252 1212 410 1274 arboribus,
420 1213 571 1278 speluncis,
582 1212 733 1274 montibus,
744 1211 915 1277 reliquisque
930 1248 932 1252 Α

110 1281 269 1349 agrestibus
279 1280 363 1332 rebus
374 1280 403 1330 in
414 1280 541 1344 contradi]
553 1281 675 1346 speciem
686 1278 859 1330 deformatis.

399 1381 533 1434 CAPUT
559 1380 627 1434 Vll.
654 1374 656 1378 ⁸

369 1447 447 1505 (vergo
456 1449 524 1493 vin.
534 1453 590 1495 sset.
601 1455 621 1493 2.
633 1449 665 1504 o.)

296 1519 344 1573 De
362 1523 502 1574 theatris
521 1522 725 1575 Graecorum.

63 1617 68 1627 ·
159 1610 190 1661 ln
202 1609 373 1660 Graecorum
389 1606 507 1659 theatris
518 1624 573 1660 non
585 1610 678 1661 omnia
687 1608 787 1660 iisdem
800 1609 916 1659 rationi·

108 1678 160 1730 bus
171 1682 236 1729 sunt
245 1675 389 1741 facienda3
401 1676 477 1743 quod
487 1677 606 1743 primum
615 1679 645 1728 in
655 1679 711 1728 ima
722 1673 915 1738 circinatione,

109 1751 139 1796 ut
152 1747 182 1795 in
195 1744 284 1798 latino
294 1743 469 1861 trigonorum
481 1749 612 1811 quatuor,
626 1746 655 1795 in
666 1760 700 1795 eo
718 1743 915 1809 quadratorum

108 1813 193 1864 trium
207 1811 304 1881 anguli
319 1812 512 1862 crcinationis
528 1811 631 1863 lineam
646 1817 776 1878 tangunt:
798 1816 827 1861 et
837 1809 915 1861 cuius

109 1879 238 1948 quadrati
264 1880 338 1930 latus
359 1885 403 1930 est
420 1878 576 1946 proximum
596 1893 698 1931 scenae
722 1878 915 1944 praeciditque

110 1952 285 1999 curvaturam
297 1945 498 2009 circinationis,
510 1961 544 1996 ea
553 1948 671 2014 regione
682 1945 846 2012 designatur
856 1945 915 1995 fini-

109 2016 150 2067 tio
160 2015 315 2082 proscenii;
333 2021 362 2064 et
372 2015 405 2064 ab
417 2029 450 2064 ea
460 2015 578 2082 regione
590 2015 625 2067 ad
636 2020 788 2065 extremam
800 2012 915 2063 circina-

108 2084 214 2135 tionem
225 2088 389 2133 curvaturae
399 2080 550 2148 parallelos
561 2080 636 2133 linea
647 2081 817 2150 designatur,
823 2082 851 2132 in
863 2095 917 2196 qua

109 2151 290 2202 constituitur
309 2149 388 2200 frons
408 2163 523 2200 scenae:
546 2165 597 2217 per
617 2154 797 2216 centrumque
818 2163 867 2199 orc
888 2162 914 2197 e·

109 2226 184 2270 strae
200 2218 342 2285 proscenii
358 2231 373 2267 e
392 2217 510 2283 regione
525 2217 677 2283 parallelos
692 2216 768 2268 linea
782 2215 915 2268 describi·
1008 2213 1010 2217 ’

108 2293 166 2349 tur,
184 2292 281 2353 etqua
295 2290 374 2336 secat
389 2284 581 2347 circinationis
597 2285 686 2336 lineas
698 2284 797 2336 dextra
806 2299 839 2335 ac
849 2282 916 2335 sini·
1004 2323 1007 2328 .

109 2361 168 2405 stra
183 2355 214 2404 in
230 2353 363 2404 cornibus
378 2349 542 2418 hemicycli,
564 2359 661 2404 centra
676 2354 872 2420 designantur,
888 2355 917 2400 et
973 2373 976 2380 ·

109 2423 217 2472 circino
238 2421 379 2472 collocato
396 2420 425 2470 in
445 2418 556 2484 dextra,
577 2421 612 2471 ab
630 2420 779 2473 intervallo
800 2418 915 2470 sinistro

108 2491 315 2557 circumagatur
331 2488 478 2539 circinatio
497 2488 533 2538 ad
549 2488 691 2555 proscenii
713 2487 841 2538 dextram
855 2500 916 2551 par-

108 2564 177 2608 tem:
198 2559 265 2608 item
281 2563 378 2607 centro
389 2555 530 2622 collocato
541 2557 569 2607 in
580 2556 695 2606 sinistro
712 2569 815 2617 cornu,
832 2553 866 2604 ab
876 2552 916 2603 in-

108 2625 228 2676 tervallo
240 2624 340 2677 dextro
352 2623 558 2691 circumagatur
572 2623 608 2674 ad
620 2622 764 2690 proscenii
774 2622 917 2672 sinistram

109 2700 224 2759 partem.
261 2695 285 2743 2.
304 2691 347 2743 lta
371 2706 387 2740 a
409 2692 499 2742 tribus
524 2692 627 2743 centris
649 2689 701 2741 hac
726 2689 916 2757 descriptione

108 2760 271 2826 ampliorem
288 2758 393 2810 habent
410 2757 584 2814 orchestram
595 2759 704 2815 Graeci
716 2764 924 2813 etscenamre·
