2054 3090
56 2694 131 2816 κ

210 114 255 162 182
407 108 461 160 ΒΕ
486 108 804 164 ARCHITECTURA

210 220 361 280 centurque
371 213 400 264 in
411 213 530 265 castello
541 220 599 265 tres
610 213 720 265 fistulae
731 213 887 282 aequaliter
900 214 1018 268 diriuae¹

209 284 281 332 inter
290 281 468 347 receptacula
477 281 638 344 coniuncta,
652 283 695 333 uti
705 297 767 333 cum
776 282 960 335 abundaverit
974 285 1009 335 ab

209 349 354 412 extremis,
368 350 397 399 in
406 349 527 399 medium
537 349 744 417 receptaculum
754 351 850 418 (aqua)
860 350 1011 404 redundet.

208 421 232 469 2.
251 418 294 468 lta
310 418 340 467 in
353 416 445 468 medio
459 423 598 484 ponentur
612 417 760 468 listulaein
769 432 870 469 omnes
890 419 970 471 lacus
983 427 1012 471 et

208 486 353 537 salientes:
374 499 410 536 ex
427 484 517 535 altero
537 486 566 534 in
585 485 700 536 balneas
717 486 840 554 vectigal
858 488 1011 554 quotannis

207 552 310 621 populo
324 557 479 618 praestent:
500 567 534 604 ex
549 550 675 621 [quibus]
689 554 775 604 tertio
790 554 821 604 in
837 553 937 605 domos
955 556 1012 672 pri-

209 628 295 673 ratas.
329 618 410 672 llaec
423 627 515 671 autem
529 634 614 688 quare
629 621 720 671 divisa
734 621 942 685 constituerim,
977 637 1012 673 aa

208 696 273 740 sunt
282 702 395 739 causae:
415 688 457 739 uti
468 703 503 738 ne
513 687 587 740 desit
595 689 624 738 in
634 687 760 755 publico;
779 703 836 740 non
847 689 922 741 enim
931 696 1012 756 pote·

208 762 272 807 runt
285 761 425 818 avertere,
446 770 509 806 cum
525 755 702 807 habuerinta
721 756 861 823 capitibus
880 758 1011 825 proprias

208 824 368 888 ductiones,
383 829 412 874 et
422 824 469 890 qui
478 823 607 890 privatim
618 823 720 876 ducent
728 824 758 874 in
768 823 876 888 domos,
888 826 1012 894 vectiga-

206 892 280 943 libus
298 897 430 943 tueantur
446 905 497 959 per
508 891 672 958 publicanos
687 906 820 959 aquarum
838 892 947 945 ductus.
984 893 1011 944 3.

208 960 256 1012 Sin
265 965 357 1012 autern
367 959 453 1010 medii
459 966 568 1012 montes
581 966 662 1011 erunt
673 959 747 1010 inter
761 960 874 1012 moenia
883 967 913 1012 at
927 969 1012 1029 eaput

207 1027 308 1092 fontis,
323 1028 365 1078 sic
380 1028 435 1079 erit
446 1026 618 1090 iaciendum,
632 1028 674 1078 uti
684 1042 784 1095 specus
798 1027 943 1080 fodiantur
957 1029 1011 1080 sub

207 1102 296 1159 terra,
314 1096 506 1164 librenturque
515 1096 556 1147 'ad
569 1095 725 1162 fastigium,
748 1095 823 1163 quod
839 1111 924 1164 supra
941 1097 1011 1148 scri·

206 1170 284 1231 ptum
297 1169 354 1228 est3
372 1169 401 1215 et
410 1164 436 1215 si
444 1161 546 1231 tophus
557 1164 610 1214 erit
619 1169 667 1214 aut
675 1178 784 1227 saxum,
798 1165 827 1214 in
837 1179 889 1214 suo
899 1164 955 1216 sibi
965 1179 1010 1215 ca-

207 1231 278 1282 nalis
293 1231 449 1282 excidatur:
465 1231 508 1282 sin
526 1237 618 1282 autem
632 1237 773 1282 terrenum
792 1239 840 1283 aut
859 1246 1010 1283 menarum

207 1300 262 1349 erit
272 1298 377 1361 solum,
392 1299 514 1366 parietes
524 1313 586 1350 cum
596 1313 706 1350 camera
715 1299 744 1349 in
756 1313 843 1366 specu
856 1306 1010 1363 sonantur,

207 1371 237 1417 et
253 1366 294 1417 ita
307 1365 488 1431 perducatur:
507 1367 640 1435 puteique
654 1366 695 1418 ibi
710 1367 768 1419 sint
784 1365 866 1430 iacti,
885 1373 917 1418 ut
935 1368 1012 1419 inter

208 1433 278 1485 duos
292 1433 331 1484 sit
345 1439 432 1485 actus.
469 1434 494 1485 4.
514 1433 563 1486 Sin
577 1441 669 1487 autem
685 1434 787 1485 tistulis
800 1435 938 1501 plumbeis
958 1435 1009 1486 du·

207 1507 298 1564 cetur,
312 1501 430 1569 primum
446 1501 591 1553 castellum
606 1502 642 1553 ad
656 1508 739 1569 caput
752 1508 888 1566 suuatm,
907 1503 1011 1554 deinde

206 1568 242 1619 ad
252 1569 361 1636 copiam
371 1583 459 1636 aquae
469 1570 561 1622 lumen
571 1570 725 1622 listularum
735 1571 935 1632 constituatur,
946 1585 1009 1621 eae-

206 1652 259 1705 que
274 1637 385 1690 fistulae
396 1638 430 1689 ab
442 1653 475 1689 eo
491 1638 608 1689 castello
625 1639 803 1690 collocentur·
813 1637 848 1689 ad
862 1638 1010 1689 castellum

206 1706 282 1773 quod
299 1707 353 1758 erit
367 1706 395 1756 in
411 1706 565 1757 moenibus.
599 1706 725 1758 Fistulae
742 1720 777 1756 ne
795 1706 885 1756 minus
903 1705 1008 1772 longae

205 1774 306 1841 pedum
316 1774 416 1825 denum
427 1773 588 1825 fundantur:
609 1789 680 1843 quae
694 1774 719 1824 si
729 1773 905 1825 centenariae
916 1780 1007 1837 erunt,

205 1841 314 1909 pondus
332 1839 453 1893 babeant
465 1843 494 1892 in
508 1842 552 1892 sin
592 1841 634 1893 las
649 1841 742 1908 pondo
752 1841 843 1905 Mcc,
858 1841 883 1892 si
894 1848 1009 1908 octoge-

207 1910 317 1973 nariae,
332 1910 424 1977 pondo
435 1908 553 1961 DCGCG
578 1908 650 1972 X,si
661 1911 727 1977 quin
746 1923 783 1960 ua
804 1908 929 1971 enariae,
941 1923 1009 1976 pon·

208 1977 243 2027 do
253 1976 316 2040 Dc,
332 1977 583 2046 quadragenariae,
597 1978 690 2044 pondo
702 1925 792 2027 (3300
819 1974 912 2038 XXX,
922 1977 1007 2027 trice-

208 2045 315 2107 nariae,
333 2045 426 2111 pondo
447 2043 579 2108 CCCLX,
597 2045 768 2108 vicenariae,
788 2043 881 2111 pondo
901 2042 1008 2105 ccxl,

208 2112 375 2178 quindenum
398 2112 490 2179 pondo
513 2111 653 2175 CLXXX,
679 2112 781 2163 denum
804 2110 897 2178 pondo
922 2110 1008 2173 CXX,

208 2185 337 2230 octonum
347 2181 439 2246 pondo
451 2179 550 2244 XCVI,
563 2180 707 2249 quinariae
717 2179 810 2247 pondo
821 2178 881 2229 LX.
916 2178 960 2229 Ex
968 2179 1008 2228 la·

206 2247 325 2298 titudine
345 2254 437 2298 autem
455 2248 620 2310 lamnarum,
638 2253 707 2315 quot
726 2247 830 2315 digitos
850 2244 1007 2308 habuerint,

206 2321 353 2383 antequam
372 2316 401 2365 in
418 2315 642 2367 rotundationem
662 2314 821 2377 flectantur,
841 2313 1008 2381 magnitudi-

207 2398 271 2433 num
288 2384 330 2434 ita
348 2383 460 2434 nomina
477 2384 637 2450 concipiunt
655 2382 778 2434 listulae:
798 2396 916 2448 namque
936 2396 1008 2449 quae

207 2450 299 2501 lamna
317 2450 403 2502 fuerit
422 2451 573 2519 digitorum
598 2451 810 2569 quinquaginta,
829 2465 890 2501 cum
914 2448 1009 2500 tistula

206 2519 367 2587 perficietur
383 2534 417 2570 ex
432 2514 582 2582 calamna,
600 2534 671 2570 voca
690 2519 746 2569 itur
759 2517 1007 2584 quinquagenaria,

206 2586 391 2654 similiterque
414 2587 547 2654 reliquae.
583 2586 609 2637 t.
627 2585 668 2636 Ea
689 2592 781 2636 autem
804 2585 912 2646 ductio,
936 2598 1008 2651 quae

202 2669 256 2724 per
268 2653 376 2706 listulas
390 2654 533 2721 plumbeas
546 2659 590 2706 est
598 2653 706 2717 futura,
721 2650 792 2706 hane
803 2651 917 2704 habebit
926 2664 1008 2720 expe·
