2054 3090
268 215 396 268 LIBER
413 217 463 270 lv.
493 217 577 270 cnr.
597 217 652 270 lll.
829 215 863 268 'dl

55 317 180 370 tionibus
203 331 289 384 supra
307 318 377 383 dixi;
400 335 472 370 nunc
489 335 555 371 vero
574 319 708 370 Doricam
724 319 862 370 rationem

55 400 245 453 summamque
257 386 317 437 eius
328 387 451 452 speciem
458 387 583 439 breviter
593 402 738 454 exponam.

354 486 488 542 CAPUT
515 490 569 543 111.

285 569 333 623 De
351 573 482 624 ratione
498 570 631 623 Dorica.

98 651 233 702 Nonnulli
243 650 348 723 antiqui
361 655 508 709 architecti
517 656 805 721 negaveruntDorico
817 671 860 722 ge-

55 734 123 770 nere
139 719 224 770 aedes
240 737 335 774 sacras
351 732 483 790 oportere
498 722 572 784 lieri,
587 722 662 788 quod
672 724 824 774 mendosae
836 729 864 773 et

56 787 302 842 disconvenientes
325 794 355 841 in
374 791 417 842 his
432 791 612 860 symmetriae
630 791 862 841 conficiebantur:

57 855 151 921 itaque
163 858 277 922 negavit
286 859 468 922 Tarcheslus,
479 860 547 910 item
558 856 696 923 Pytheos,
708 873 762 907 non
774 858 863 907 minus

59 921 263 988 Hermogenes.
299 925 369 976 Nam
379 928 418 989 is,
434 943 495 977 cum
503 931 628 990 paratam
639 923 784 975 habuisset
792 939 863 973 mar·

57 989 422 1056 moriscopiaminDoricae
434 994 512 1044 aedis
522 990 736 1056 perlectionem,
743 1006 862 1041 commu·

57 1056 129 1106 tavit
148 1071 181 1107 ex
202 1059 299 1110 eadem
315 1062 398 1127 copia
411 1067 440 1111 et
454 1075 515 1111 eam
530 1059 652 1108 lonicam
666 1058 770 1108 Libero
786 1056 862 1107 Patri

59 1123 139 1174 lecit:
159 1125 209 1175 sed
223 1132 316 1178 tamen
329 1144 385 1178 non
399 1128 473 1195 quod
484 1128 633 1176 invenusta
642 1130 687 1175 est
697 1125 806 1190 species
817 1131 864 1173 aut

59 1205 148 1258 genus
167 1198 215 1242 aut
232 1192 339 1245 forma'e
358 1196 493 1262 dignitas,
513 1192 562 1244 sed
582 1192 657 1258 quod
670 1190 805 1256 impedita
820 1197 864 1242 est

60 1258 221 1309 distributio
238 1267 267 1312 et
279 1262 457 1313 incommoda
472 1263 501 1311 in
517 1274 602 1326 opere
617 1258 824 1327 triglyphorum
836 1263 864 1309 et

58 1326 274 1380 lacunariorum.
310 1332 335 1380 2.
353 1329 478 1397 Namque
492 1326 546 1396 [in]
559 1327 757 1377 distributione
768 1340 864 1377 neces·

59 1409 89 1443 se
108 1399 151 1444 est
166 1394 326 1462 triglyphos
343 1398 477 1448 constitui
492 1402 590 1447 contra
603 1395 712 1445 medios
726 1399 863 1444 tetrantes

60 1460 264 1525 columnarum,
286 1471 481 1531 metopasque,
510 1478 580 1530 quae
605 1463 679 1513 inter
705 1458 864 1528 triglyphos

60 1529 230 1596 fient,aeque
241 1531 340 1599 longas
351 1547 414 1583 esse
426 1548 507 1600 quam
519 1531 602 1594 altas3
614 1535 767 1597 contraque
777 1530 806 1579 in
818 1543 863 1578 an·

60 1595 172 1662 gulares
183 1597 326 1650 columnas
336 1598 473 1667 triglyphi
483 1601 511 1650 in
521 1599 653 1649 extremis
665 1597 790 1664 partibus
799 1611 863 1646 con·

60 1664 308 1731 stituunturetnon
319 1666 532 1718 contramedios
543 1670 689 1717 tetrantes.
724 1665 767 1715 lta
776 1669 864 1714 meto·

60 1746 124 1796 poe,
143 1746 213 1797 quae
236 1735 362 1799 proxime
382 1734 417 1785 ad
435 1734 583 1802 angulares
602 1729 761 1800 triglyphos
781 1731 864 1792 liunt,

59 1814 115 1847 non
130 1806 233 1850 exeunt
266 1801 408 1864 uadratae,
420 1803 470 1852 sed
485 1801 666 1868 oblongiores
677 1796 814 1865 triglyphi
824 1796 864 1846 di-

58 1865 144 1914 midia
162 1815 319 1919 latitufline.
356 1871 454 1935 Atqui
473 1875 600 1933 metopas
619 1866 751 1933 aequales
766 1863 865 1916 volunt

59 1932 165 1995 facere,
180 1935 395 1986 intercolumnia
409 1943 533 1987 extrema
547 1932 715 1985 contrahunt
728 1929 863 1998 triglyphi

59 1999 175 2050 dimidia
191 2001 348 2053 latitudine.
386 2004 449 2054 lloc
464 2009 556 2053 autem
571 2002 630 2052 sire
646 2001 675 2049 in
688 2003 862 2063 metoparum

58 2067 283 2134 longitudinibus
297 2071 356 2121 sive
372 2069 649 2120 intercolumniorum
665 2066 863 2116 contractioni-

58 2135 108 2184 bus
124 2135 273 2198 efficiatur,
294 2143 338 2188 est
352 2137 523 2187 mendosum.
565 2135 742 2200 Quapropter
757 2133 861 2199 antiqui

56 2202 145 2252 vitare
164 2203 217 2253 visi
236 2205 347 2255 suntin
365 2204 480 2254 aedibus
500 2203 588 2253 sacris
604 2202 726 2252 Doricae
746 2213 864 2267 symme-

56 2270 128 2319 triae
140 2270 287 2321 rationem.
323 2271 347 2322 3.
366 2270 424 2321 Nos
436 2277 528 2320 autem
539 2269 716 2334 exponimus,
737 2268 780 2318 uti
793 2267 862 2318 ordo

57 2336 194 2401 postulat,
218 2338 448 2405 quemadmodum
471 2353 487 2386 a
504 2336 734 2403 praeceptoribus
756 2335 863 2399 accepi-

56 2419 130 2467 mus3
148 2405 191 2455 uti
201 2405 225 2455 si
237 2406 298 2471 quis
309 2405 431 2455 voluerit
443 2403 485 2454 his
498 2405 655 2455 rationibus
666 2402 814 2454 attendens
824 2402 864 2450 ita

56 2471 182 2537 ingredi,
203 2470 304 2523 habeat
322 2473 520 2539 proportiones
538 2472 705 2537 explicatas,
721 2469 821 2537 quihus
837 2481 882 2534 e-¹

57 2538 202 2588 mendatas
217 2545 246 2590 et
256 2540 317 2590 sine
331 2541 408 2590 vitiis
423 2541 533 2589 efficere
549 2540 640 2604 possit
650 2538 760 2588 aedium
773 2549 864 2585 sacra·

55 2619 115 2659 rum
121 2605 311 2658 Doricomore
322 2606 520 2674 perfectiones.
556 2607 646 2656 Frons
658 2603 863 2655 aedisDorieae

55 2673 84 2723 in
98 2672 178 2734 loco,
199 2687 253 2741 quo
268 2675 414 2725 columnae
430 2676 650 2735 constituuntur,
670 2672 823 2733 dividatur,
840 2670 863 2719 si

55 2740 222 2806 tetrastylos
247 2742 315 2805 erit,
338 2743 366 2793 in
386 2748 479 2809 partes
498 2741 616 2806 XXVll,
642 2741 667 2792 si
690 2738 865 2806 hexastylos,
