2054 3090
112 203 159 252 154
309 206 363 255 Du
388 205 717 258 ARCHITECTURA

108 310 197 366 tecta,
214 303 393 373 fastigiorum
412 307 600 372 prominentes
621 322 763 370 versuras,
782 300 903 360 coronas

108 387 161 438 que
177 373 315 439 capitibus
330 373 450 424 leoninis
461 380 592 437 ornatas,
609 390 680 442 quae
697 376 791 425 omnia
804 375 913 427 stillici-

108 440 217 490 diorum
237 441 350 491 ete‘ctis
369 440 472 492 habent
492 442 643 506 rationem3
663 449 812 509 praeterea
831 457 914 511 supra

108 523 168 557 eam
189 505 367 558 nihilominus
384 510 567 574 episcenium‚
584 511 613 561 in
629 524 683 578 quo
698 508 784 573 tholi,
803 510 912 577 pronai,

108 575 306 640 semifastigia,
328 577 472 643 omnisque
487 578 555 628 tecti
570 578 663 628 varius
683 577 801 643 picturIs
819 576 914 629 fuerat

109 648 235 691 ornatus:
255 642 350 708 itaque
366 658 427 694 cum
447 651 576 710 aspectus
597 646 657 697 eius
677 659 778 695 scenae
797 653 913 712 propter

108 709 291 773 asperitatem
307 710 497 762 eblandiretur
518 713 639 763 omnium
657 712 747 774 risus,
769 711 911 762 etiamid

109 791 177 840 opus
198 775 317 841 probare
337 775 577 895 tuissentgaarati,
596 786 654 830 tum
667 778 793 830 Licinius
806 777 911 830 mathe-

108 843 224 893 maticus
239 845 345 909 prodiit
362 852 390 896 et
405 848 456 896 aits
481 846 668 898 .Alabandeos
679 847 748 898 satis
762 851 861 897 acutos
877 845 911 896 ad

109 924 204 960 omnes
219 925 265 962 res
281 913 378 963 civiles
394 911 505 976 haberi,
519 915 569 964 sed
584 920 699 980 propter
711 929 767 965 non
781 911 911 981 magnum

109 978 205 1028 vitium
223 979 401 1030 indecentiae
420 981 584 1046 insipientes
604 996 653 1032 eos
673 996 736 1032 csse
760 980 911 1042 iudicatos,

109 1045 184 1111 quod
197 1044 226 1095 in
242 1049 388 1113 gymnasio
410 1062 590 1114 eorumquae
608 1054 672 1102 sunt
687 1054 796 1099 statuae
816 1061 911 1098 omnes

108 1119 173 1163 sunt
188 1119 286 1165 causas
301 1121 431 1182 agentes,
444 1115 473 1164 in
487 1113 550 1167 foro
567 1121 659 1166 autem
674 1115 768 1166 discos
783 1119 911 1166 tenentes

109 1187 157 1231 aut
176 1187 319 1232 currentes
335 1197 385 1233 seu
400 1182 458 1247 pila
471 1182 615 1234 ludentes:
634 1184 676 1234 ita
689 1183 823 1232 indecens
837 1182 912 1232 inter

108 1249 235 1299 locorum
249 1251 437 1316 proprietates
452 1255 542 1300 status
557 1251 701 1318 signorum
710 1248 825 1367 publice
845 1249 911 1300 civi·

108 1316 161 1365 tati
175 1317 272 1366 vitium
288 1317 504 1369 existimationis
524 1317 636 1368 adiecit.
672 1317 706 1368 Vi
729 1331 824 1367 eamus
843 1315 911 1367 item

109 1397 234 1441 nuncne
250 1385 375 1448 Apaturii
395 1399 479 1434 scena
498 1385 601 1436 efficiat
616 1390 646 1435 et
663 1399 715 1434 nos
733 1382 912 1434 Alabandeos

109 1455 158 1499 aut
166 1448 321 1501 Abderitas.
360 1451 428 1512 Quis
444 1453 517 1502 enim
531 1458 653 1503 vestrum
664 1451 761 1502 domos
777 1466 862 1517 supra
872 1455 900 1502 te

110 1516 236 1583 gularum
247 1522 323 1567 tecta
333 1525 427 1584 potest
438 1518 541 1569 habere
557 1527 605 1570 aut
620 1519 762 1570 columnas
773 1533 824 1569 seu
834 1517 911 1568 iasti-

110 1585 219 1651 giorum
235 1585 455 1650 explicationes?
489 1587 568 1638 Haec
583 1588 656 1638 enim
671 1601 755 1653 supra
769 1586 912 1652 contigna-

110 1653 202 1702 tiones
213 1659 367 1718 ponuntur,
385 1659 440 1704 no'n
451 1669 535 1720 supra
545 1653 700 1722 tegularum
710 1659 794 1704 tecta.
832 1651 862 1704 Si
871 1667 912 1703 er·

110 1737 146 1788 go
158 1735 228 1786 quae
238 1735 294 1771 non
304 1727 423 1787 possunt
431 1722 459 1772 in
470 1722 588 1772 veritate
604 1723 742 1773 rationem
756 1720 859 1771 habere
873 1718 913 1769 la-

110 1789 161 1851 cti,
178 1788 207 1838 in
216 1789 333 1854 picturis
344 1788 567 1856 probaverimus,
583 1790 747 1841 accedemus
764 1795 792 1838 et
807 1803 859 1838 nos
870 1784 913 1836 his

55 1862 57 1866 ’
111 1856 285 1919 civitatibus,
301 1872 371 1924 quae
386 1867 501 1923 propter
511 1855 581 1908 haec
595 1857 665 1908 vitia
673 1856 838 1923 insipientes
851 1863 915 1905 sunt

111 1925 259 1976 iudicatae.
294 1926 320 1977 l.
339 1926 436 1992 ltaque
455 1924 604 1990 Apaturius
626 1930 724 1983 conae
742 1921 914 1989 respondere

112 2007 167 2042 non
185 1997 228 2043 est
241 2007 338 2055 ausus,
354 1993 404 2043 sed
421 1991 536 2042 sustulit
545 2006 672 2054 scenam,
689 1991 761 2042 etad
776 1990 914 2041 rationem

112 2060 238 2110 veritatis
254 2066 449 2111 commutatam
465 2065 565 2126 postea
575 2065 730 2111 correctam
741 2057 914 2124 approbavit.

113 2127 222 2177 Utinam
238 2127 278 2176 dii
292 2127 464 2178 immortales
474 2126 624 2189 fecissent,
641 2133 671 2178 ut
680 2125 805 2176 Licinius
815 2123 915 2174 revivi-

112 2200 217 2255 sceret,
234 2199 263 2244 et
272 2196 429 2262 corrigeret
439 2193 510 2246 lianc
520 2194 667 2246 amentiam
677 2193 915 2257 tectoriorumque

113 2261 235 2310 errantia
243 2260 384 2312 instituta¹
421 2262 477 2314 Sed
487 2276 573 2329 quare
583 2262 678 2312 vincat
686 2261 832 2312 veritatem
840 2258 916 2329 ratio

113 2327 198 2390 falsa,
213 2342 268 2378 non
284 2330 338 2380 erit
348 2329 469 2381 alienum
479 2343 628 2396 exponere.
665 2328 748 2390 Quod
762 2327 835 2378 enim
846 2325 917 2375 anti-

113 2397 159 2462 qui
172 2396 344 2448 insumentes
357 2397 483 2448 laborem
499 2403 527 2449 et
540 2396 704 2448 industriam
717 2394 835 2462 probare
852 2407 917 2443 con-

113 2464 265 2515 tendebant
281 2465 400 2529 antibus,
415 2465 444 2516 id
459 2471 532 2516 nuno
547 2462 690 2516 coloribus
706 2470 846 2514 eteorum
861 2460 917 2510 ele-

113 2533 190 2599 ganti
204 2532 297 2598 specie
312 2537 533 2600 consequuntur3
553 2537 582 2584 et
592 2547 672 2599 quam
681 2529 822 2582 subtilitas
833 2527 919 2578 artili-

113 2603 153 2650 cis
169 2600 322 2653 adiiciebat
337 2601 469 2668 operibus
484 2599 694 2662 auctoritatem,
713 2611 786 2649 nunc
801 2595 907 2646 domini

113 2683 162 2717 cus
185 2672 310 2733 sumptus
331 2669 417 2720 efficit
434 2682 469 2719 ne
489 2667 673 2719 desideretur.
709 2665 734 2716 8.
755 2663 824 2725 Quis
845 2663 919 2713 enim

114 2736 292 2802 antiquorum
304 2751 360 2788 non
374 2735 417 2788 uti
431 2735 635 2800 medicamento
665 2734 751 2785 minio
781 2743 866 2797 parce
882 2729 908 2780 ri
