2054 3090
114 176 161 226 142
310 176 364 227 DE
390 173 711 228 ARCHITECTURA

111 284 182 329 runt.
218 277 343 346 Namque
363 279 481 346 singulis
500 277 640 330 frontibus
664 277 767 344 singuli
789 275 914 328 artifices

111 352 289 412 sumpserunt
302 348 429 397 certatim
439 352 533 411 partes
543 347 578 398 ad
589 345 742 396 ornandum
753 350 782 395 et
794 343 914 410 proban-

110 414 187 476 dum,
199 412 373 476 Leochares,
384 414 513 479 Bryaxis,
525 413 644 480 Scopas,
655 412 826 473 Praxitelem
846 425 914 462 nun·

110 481 179 530 nulli
196 481 280 531 etiam
297 487 395 547 putant
409 479 601 543 Tinrutheum3
621 495 737 547 quorum
757 478 825 530 artis
846 478 913 528 emi·

110 561 178 598 nens
202 549 370 599 excellentia
392 552 442 600 coe·
467 549 489 597 't
506 549 541 599 ad
561 553 667 613 septem
687 546 912 612 spectaculorum

109 616 168 665 seius
184 616 278 682 uperis
292 616 438 681 pervenire
446 563 558 665 Numana
596 615 635 664 14.
655 613 807 664 Praeterea
821 614 912 663 usinus

109 682 217 732 nobiles
230 683 310 733 multi
325 689 475 749 praecepta
493 682 716 748 symmetriarum
736 681 912 746 conscripse-

108 754 184 810 runt,
203 755 235 800 ut
247 748 381 810 Nexaris,
399 748 581 815 Theucydss,
598 746 795 815 Demophilus,
810 746 912 808 Pullis,

109 815 263 878 Leonidas,
283 816 423 878 silanion,
438 817 606 882 Melampus,
622 815 773 876 Smnecus,
788 811 913 880 Euphra·

109 897 168 934 rior.
203 882 266 935 Nun
285 884 375 934 minus
395 885 429 934 de
449 881 714 944 machinationibus,
733 882 776 932 uti
794 880 911 942 Diades,

107 948 256 1018 Archytas,
284 949 477 1012 Archimedes,
506 950 659 1012 Ctesibius,
686 945 913 1014 Nymphodorus,

108 1015 223 1068 PhiluB
245 1019 368 1080 zantius,
379 1016 523 1084 Diphilus,
534 1017 697 1078 Demucles,
709 1013 847 1077 Charitas,
859 1014 912 1065 Pu·

108 1085 210 1150 lyidus,
239 1083 555 1152 yrrhus,Agesist1·atus.
593 1084 716 1145 Quorum
728 1097 763 1133 ex
773 1097 911 1133 cummen-

107 1152 188 1204 tariis
202 1167 273 1220 quae
286 1153 367 1203 utilia
381 1167 444 1203 esse
458 1150 501 1203 his
516 1151 599 1202 rebus
614 1151 810 1212 animadverti,
826 1150 910 1200 culle-

108 1226 154 1270 cta
162 1219 193 1270 in
201 1235 285 1270 unum
296 1221 377 1286 coegi
390 1234 504 1285 corpus,
516 1226 545 1269 et
553 1219 618 1269 ideu
629 1219 757 1279 maxime,
769 1218 843 1284 quud
854 1216 910 1266 ani-

108 1287 244 1338 madverti
257 1289 285 1337 in
300 1302 334 1337 ea
347 1303 376 1337 re
396 1289 431 1337 ab
447 1286 563 1337 Graecis
577 1287 718 1337 volumina
731 1285 811 1352 plura
825 1284 910 1344 editu,

109 1354 143 1405 ab
162 1355 267 1404 nostris
291 1356 393 1421 oppidu
413 1370 494 1420 quarn
508 1368 605 1420 pauca.
641 1353 759 1404 Fufitius
774 1351 847 1401 euim
863 1352 910 1401 mi-

109 1437 168 1471 rum
188 1421 223 1471 de
243 1419 286 1469 his
300 1422 383 1471 rebus
397 1423 501 1488 primus
520 1421 643 1471 instituit
661 1421 745 1471 edere
764 1419 909 1469 volument

108 1489 175 1538 item
190 1489 340 1537 Terentius
356 1486 445 1539 Varro
466 1487 501 1538 de
520 1503 619 1538 novem
640 1486 807 1552 disciplinis,
826 1501 909 1536 unum

110 1556 144 1605 de
163 1553 363 1616 architectura,
384 1553 500 1605 Publius
519 1555 670 1622 Septimius
690 1555 754 1604 duu.
791 1551 831 1603 15.
850 1553 909 1602 Am·

110 1622 182 1688 plius
196 1636 263 1671 veru
278 1623 306 1671 in
320 1623 348 1672 id
362 1637 450 1689 genus
465 1623 619 1689 scripturae
634 1620 724 1673 adhuc
737 1634 819 1670 nemu
834 1619 909 1670 incu-

108 1691 204 1740 buisse
218 1690 340 1751 videtur,
357 1705 417 1740 uum
429 1689 550 1740 luissent
563 1697 592 1740 et
605 1689 711 1755 antiqui
727 1688 803 1738 cives
817 1688 910 1754 magni

109 1756 268 1819 architecti,
284 1758 329 1823 qui
344 1758 503 1822 potuissent
516 1772 572 1807 non
586 1757 676 1807 nriuus
687 1757 832 1822 eleganter
845 1754 911 1804 scri·

109 1832 156 1890 pta
170 1840 340 1891 comparare.
376 1824 501 1891 Namque
511 1823 626 1874 Athenis
640 1823 793 1873 Antistates
808 1827 837 1872 et
851 1822 911 1871 Cal·

110 1891 253 1943 laeschrus
265 1891 510 1943 etAntimachides
520 1897 550 1941 et
559 1890 679 1941 Porinos
690 1887 834 1940 architecti
841 1888 912 1938 Pisi·

111 1965 212 2022 strato,
232 1960 329 2011 aedem
349 1960 409 2011 lovi
429 1959 559 2025 Olympio
578 1958 708 2020 facienti,
731 1955 912 2008 fundamenta

110 2028 325 2078 constituerunt:
345 2033 539 2093 postmortem
554 2031 646 2076 autem
666 2025 727 2075 eius
740 2029 854 2091 propter
873 2023 912 2072 in·

109 2096 332 2159 terpellationem
368 2093 539 2161 reipublicae
578 2092 691 2157 incepta
729 2092 910 2158 reliquerunt.

109 2159 206 2226 ltaque
221 2162 334 2212 circiter
352 2163 430 2212 annis
451 2160 662 2227 quadringentis
681 2166 746 2226 post
758 2156 911 2209 Antiochus

111 2241 160 2277 rex
171 2243 232 2277 cum
241 2229 270 2277 iu
279 2228 308 2278 id
319 2243 388 2294 upus
398 2230 551 2294 impensam
563 2234 639 2277 esset
649 2227 806 2293 pollicitus,
822 2225 910 2276 cellae

110 2294 327 2360 magnitudinem
342 2302 371 2345 et
384 2297 573 2346 columnarum
590 2294 665 2345 circa
679 2294 808 2362 dipteron
825 2292 910 2343 cullu-

110 2362 261 2423 catiunem,
282 2362 532 2430 epistyliorumque
547 2370 576 2413 et
589 2368 747 2413 ceterorum
766 2373 909 2411 ornamen-

110 2436 201 2481 torum
217 2430 252 2481 ud
267 2432 456 2495 symmetriam
467 2431 693 2482 distributionem
708 2443 809 2496 magna
823 2427 910 2478 soler-

108 2497 149 2547 tia
163 2497 334 2565 scientiaque
349 2515 454 2561 summa
468 2499 535 2548 civis
546 2498 687 2547 Romanus
702 2495 848 2546 Cossutius
862 2508 910 2544 no·

108 2563 202 2617 biliter
216 2572 259 2617 est
272 2564 478 2616 architectatus.
514 2565 545 2615 ld
559 2571 650 2614 autem
665 2578 735 2628 opus
754 2578 809 2612 nun
826 2561 910 2612 modu

107 2635 192 2701 vulgo
208 2634 257 2684 sed
272 2634 354 2683 etiam
369 2635 397 2683 in
411 2633 507 2699 paucis
527 2647 544 2681 a
561 2631 769 2697 magnificentia
786 2629 909 2679 numina·

109 2703 161 2752 tur.
199 2700 239 2752 16.
257 2699 326 2752 Nam
343 2705 462 2767 quatuor
474 2699 546 2751 locis
561 2705 625 2749 sunt
643 2698 752 2749 aedium
768 2711 909 2747 eacrarum
