2054 3090
29 1455 32 1460 ·
114 1439 345 1505 quemadmodum
360 1449 403 1492 est
411 1443 552 1493 Fortunae
567 1443 713 1510 Equestris
728 1457 745 1492 a

118 196 150 247 on
320 197 374 254 nn
400 198 719 253 socurrucrurm
793 269 795 272 y

411 333 546 388 CAPUT
572 335 626 386 lll.

442 400 529 457 (vano
544 399 587 454 ιι.)

249 469 297 523 De
315 471 454 540 quinque
471 472 593 525 aedium
611 471 782 540 speciebus.

166 569 281 636 Species
296 579 388 623 antem
402 574 512 624 aedium
526 586 592 625 sunt
605 575 739 640 quinque,
755 585 869 637 quarum
885 583 919 620 ea

116 644 180 687 sunt
189 638 339 689 vocabula:
350 639 549 707 Pycnostylos,
559 639 589 690 id
600 647 644 691 est
653 640 758 691 crebris
770 636 918 688 columnis:

115 703 258 770 systylos,
277 706 360 771 paulo
375 707 596 758 remissioribus:
623 705 782 774 Diastylos,
801 703 919 769 amplius

115 772 213 835 spatiis
229 772 506 825 intercolumniorum
526 774 697 840 patentibus:
729 772 820 824 rarius
838 785 918 836 quam

115 844 227 902 oportet
241 839 314 890 inter
325 855 356 890 se
367 841 500 902 diductis,
514 841 710 906 Araeostylos:
729 837 864 904 Eustylos
878 838 918 887 in-

114 905 294 956 tervallorum
303 908 379 958 iusta
389 908 594 959 distributione.
630 910 655 959 Ἃ.
673 908 749 974 Ergo
760 905 918 970 Pycnosty-

114 971 157 1021 lus
172 979 226 1034 est,
243 974 321 1024 cuius
333 974 549 1026 intercolumnio
564 975 645 1026 unius
656 982 685 1026 et
695 971 854 1025 dimidiatae
871 986 917 1023 co-

114 1038 223 1089 lumnae
237 1041 393 1091 crassitudo
404 1042 546 1108 interponi
554 1048 659 1108 potest:
685 1039 917 1107 quemadmodum

89 1150 93 1156 .
114 1112 158 1155 est
166 1104 231 1156 Divi
240 1106 304 1156 lolii
318 1114 347 1158 et
359 1108 387 1158 in
398 1109 528 1160 Caesaris
541 1108 605 1160 foro
616 1107 748 1169 Veneris,
765 1111 794 1157 et
807 1107 833 1167 si
846 1120 916 1173 quae

114 1171 186 1223 aliae
196 1174 237 1224 sic
247 1181 312 1225 sunt
321 1176 502 1241 compositae.
539 1177 607 1226 ltem
619 1175 750 1241 Systylos
762 1179 813 1234 est,
824 1174 853 1223 in
864 1187 918 1239 qua

114 1239 229 1290 duarum
239 1241 428 1293 columnarum
439 1244 595 1294 crassitudo
604 1244 634 1294 in
643 1240 858 1293 intercolumnio
869 1254 917 1305 po·

113 1308 180 1356 terit
189 1306 336 1369 collocari,
354 1316 383 1359 et
392 1311 528 1375 spirarum
540 1308 691 1375 plinthides
701 1322 789 1375 aeque
800 1320 917 1373 magnae

113 1373 170 1422 sint
188 1388 222 1422 eo
242 1375 347 1439 spatio,
372 1377 446 1442 quod
465 1376 552 1426 fuerit
567 1377 640 1427 inter
661 1377 730 1426 duas
746 1372 917 1492 Xlgssthssdes:

811 1455 845 1492 ea
858 1455 918 1493 rum

112 1504 265 1570 lapideum,
282 1514 311 1557 et
326 1509 464 1575 reliquae,
480 1525 551 1574 quae
563 1509 668 1561 eisdem
683 1508 839 1560 rationibus
854 1512 917 1558 sunt

113 1574 295 1638 compositae.
331 1575 355 1624 3.
375 1576 454 1627 llaec
470 1584 588 1643 utraque
605 1591 709 1644 genera
723 1576 856 1628 vitiosum
870 1571 917 1623 ira·

105 1640 179 1691 -bent
189 1655 279 1692 usum.
314 1642 421 1694 Matres
436 1644 509 1696 enim
518 1642 687 1695 familiarum
698 1658 760 1695 cum
770 1643 805 1693 ad
815 1640 917 1706 suppli-

112 1708 252 1758 cationem
261 1708 393 1774 gradibus
405 1712 570 1773 ascendunt,
582 1726 638 1762 non
647 1715 767 1777 possunt
775 1722 825 1775 per
832 1709 917 1759 inter,-

112 1774 253 1833 columnia
263 1777 406 1842 amplexae
417 1779 504 1841 adire,
511 1779 567 1829 nisi
577 1778 689 1831 ordines
699 1776 828 1829 fecerint.
846 1775 915 1824 ltem

110 1842 251 1892 valvarum
263 1852 391 1909 aspectus
401 1845 575 1896 abstruditur·
584 1845 774 1897 columnarum
784 1842 916 1894 crebrita-

111 1917 153 1970 te,
173 1909 289 1976 ipsaque
310 1912 391 1979 signa
408 1913 600 1964 obscurantur.
634 1911 704 1963 Item
724 1912 800 1963 cirea
818 1910 915 1961 aedem

110 1983 224 2041 propter
231 1980 374 2044 angustias
384 1979 572 2045 impediuntur
582 1979 794 2033 ambulationes.
812 1978 837 2027 4.
848 1975 914 2026 Dia·

110 2043 177 2108 styli
195 2051 287 2094 autem
305 2043 375 2096 baec
389 2048 444 2097 erit
459 2046 640 2112 compositio,
658 2062 720 2097 cum
734 2047 818 2096 trium
838 2043 913 2094 colu-

110 2124 234 2160 mnarum
258 2113 470 2164 crassitudinem
493 2113 708 2164 intercolumnio
734 2112 913 2176 interponere

109 2190 269 2240 possumus,
291 2185 421 2246 tanquam
439 2185 484 2230 est
497 2180 634 2246 Apollinis
654 2185 683 2230 et
696 2177 804 2228 Dianae
824 2176 911 2226 aedis.

109 2241 188 2291 llaec
203 2242 351 2308 dispositio
368 2244 439 2297 hanc
453 2245 538 2297 habet
547 2246 750 2306 difficultatem,
767 2243 840 2312 quod
857 2241 913 2307 epi-

109 2309 195 2373 stylia
204 2316 319 2375 propter
328 2314 540 2365 intervallorum
548 2312 768 2381 magnitudinem
782 2309 912 2374 frangun-

27 2410 30 2414 ‡
108 2381 162 2426 tur.
197 2377 222 2427 5,
242 2377 271 2426 ln
281 2378 456 2446 Araeostylis
471 2388 563 2432 autem
577 2394 629 2432 nec
643 2378 762 2446 lapideis
776 2391 828 2428 nec
843 2390 912 2424 mar-

108 2443 211 2494 moreis
227 2445 366 2510 epistyliis
382 2447 423 2497 uti
438 2448 534 2509 dator,
549 2447 599 2498 sed
608 2445 792 2512 imponendae
808 2443 842 2493 de
857 2457 912 2492 nra-

108 2511 181 2560 teria
195 2512 288 2562 trabes
304 2521 468 2578 perpetuae3
497 2522 528 2565 et
535 2515 657 2580 ipsarum
676 2512 786 2563 aedium
803 2511 912 2576 species

107 2577 229 2643 barycac
239 2579 453 2645 barycepbalae,
464 2579 591 2642 humiles,
602 2581 675 2631 latae
685 2597 692 2642 ;
713 2584 866 2644 ornantque
878 2577 912 2626 si-

108 2645 171 2712 gnis
189 2646 321 2697 fictilibus
341 2655 389 2698 aut
409 2649 499 2699 aereis
518 2648 654 2699 inauratis
680 2661 774 2697 earum
797 2643 913 2710 fastigia

108 2713 266 2763 Tuscanico
281 2729 372 2776 more,
388 2717 430 2766 uti
445 2720 489 2766 est
502 2715 537 2766 ad
547 2715 658 2766 circum
671 2714 820 2765 maximum
832 2711 913 2781 §ere-
