2054 3090
333 215 462 265 uruca
479 217 532 267 ui.
562 195 647 268 cnr.
664 217 698 270 v.
882 220 912 268 u

115 319 152 366 12.
173 317 311 381 Tympani
322 322 422 377 autem,
435 317 508 383 quod
520 323 563 367 est
572 318 600 366 in
609 317 733 383 fastigio,
745 319 862 368 altitudo
875 320 914 368 sic

112 388 156 432 est
165 381 309 443 facienda,
325 384 365 432 uti
376 382 453 433 frons
465 398 586 434 coronae
597 385 631 434 ab
642 386 774 434 extremis
786 386 913 451 cymatiis

111 456 171 498 tota
186 449 345 499 dimetiatur
359 451 388 499 in
404 458 496 514 partes
513 465 624 514 novem,
639 458 668 501 et
681 466 717 502 ex
728 453 769 501 eis
779 467 834 501 una
850 466 914 516 pars

110 517 138 564 in
153 516 245 564 medio
261 517 402 565 cacumine
419 519 543 582 tympani
553 519 751 580 constituatur,
771 518 834 567 dum
850 534 913 567 con-

109 589 155 631 tra
168 583 301 646 epistylia
318 583 561 650 columnarumque
577 583 789 650 hypotrachelia
804 585 838 634 ad
853 599 913 648 per-

109 648 287 713 pendiculum
298 650 474 714 respondeat
512 651 640 701 Coronae
652 666 722 717 quae
738 666 822 716 supra
834 650 912 717 [tym-

108 731 207 780 panum
217 714 305 781 sunt,]
325 718 479 782 aequaliter
489 718 552 768 imis
562 724 673 782 praeter
684 719 767 768 simas
779 726 843 767 sunt
858 718 912 768 col-

110 782 262 845 locandae3
273 783 386 848 insuper
396 798 516 833 coronas
526 785 622 845 simae,
634 800 702 850 quas
713 785 816 835 Graeci
825 787 913 832 ἐπωτί-

110 848 156 901 δας
168 849 274 911 dicunt,
290 848 436 900 faciendae
449 856 514 900 sunt
527 850 644 916 altiores
663 856 761 901 octava
774 857 853 917 parte
868 866 912 900 co-

110 929 240 965 ronarum
257 916 421 967 altitudinis.
456 918 602 967 Acroteria
616 918 761 984 angularia
776 924 832 967 tam
848 917 912 978 alta,

109 988 241 1046 quantum
264 989 307 1033 est
323 990 483 1049 tympanum
503 985 637 1047 medium3
661 985 790 1034 mediana
812 984 913 1032 altiora

111 1054 210 1098 octava
224 1056 317 1114 parte,
334 1065 415 1116 quam
427 1051 579 1116 angularia.
616 1051 656 1100 13.
674 1051 800 1100 Membra
811 1050 912 1110 omnia,

110 1130 181 1180 quae
195 1130 279 1181 supra
294 1117 416 1182 capitula
426 1117 615 1166 columnarum
626 1124 690 1167 sunt
701 1116 808 1176 futura,
825 1116 854 1165 id
870 1121 913 1164 est

109 1182 251 1248 epistylia,
263 1182 390 1248 zophori‚
402 1198 533 1245 coronae,
543 1189 685 1249 tympana,
696 1182 824 1248 fastigia,
836 1195 912 1230 acro-

109 1250 193 1311 teria,
209 1250 367 1300 inclinanda
378 1251 478 1300 suntin
488 1248 588 1300 frontis
599 1264 666 1300 suae
677 1250 810 1314 cuiusque
822 1249 912 1297 altitu-

109 1315 183 1365 dinis
199 1323 278 1381 parte
292 1317 355 1378 ΧΠ,
376 1316 440 1366 ideo
462 1317 616 1383 quodcum
636 1316 795 1366 steterimus
815 1321 913 1365 contra

107 1381 231 1444 frontes,
248 1382 281 1432 ab
294 1384 376 1451 oculo
387 1384 479 1434 lineae
491 1384 562 1435 duae
573 1384 598 1433 si
609 1389 740 1435 extensae
751 1383 867 1443 fuerint,
885 1387 913 1431 et

109 1464 164 1499 una
178 1450 305 1518 tetigerit
318 1452 401 1500 imam
417 1452 509 1516 operis
522 1457 643 1516 partem,
666 1451 756 1500 altera
770 1464 911 1510 summam,

107 1530 179 1582 quae
189 1532 322 1568 summam
332 1518 460 1584 tetigerit
469 1518 582 1585 longior
591 1519 648 1568 fiet.
683 1517 725 1568 lta
736 1532 789 1584 quo
800 1517 913 1584 longior

107 1584 184 1632 visus
193 1582 285 1634 haeae
294 1585 323 1635 in
333 1585 504 1651 superiorem
512 1591 618 1650 partem
628 1584 764 1650 procedit,
771 1585 912 1648 resupina-

107 1658 165 1699 tam
176 1648 245 1700 facit
255 1651 315 1701 eius
325 1653 455 1717 speciem.
493 1651 560 1702 Oum
571 1658 676 1713 autem,
693 1652 736 1701 uti
751 1665 835 1716 supra
845 1649 909 1700 scri-

107 1724 183 1783 ptum
194 1722 251 1780 est,
267 1719 295 1768 in
305 1717 397 1769 fronte
407 1719 541 1769 inclinata
550 1718 667 1780 fuerint,
682 1724 748 1768 tunc
758 1719 787 1768 in
798 1722 911 1782 aspectu

109 1783 275 1835 videbuntur
291 1799 354 1835 esse
371 1784 406 1835 ad
421 1785 647 1851 perpendiculum
663 1791 691 1834 et
701 1799 833 1834 normam.
871 1784 911 1832 14.

109 1849 303 1902 Columnarum
318 1853 404 1902 striae
419 1852 564 1902 faciendae
581 1858 645 1902 sunt
654 1849 760 1912 xxiv,
777 1851 816 1901 ita
832 1864 911 1900 exca-

109 1921 205 1978 vatae,
218 1919 259 1968 uti
273 1933 371 1968 norma
385 1920 415 1968 iu
426 1935 493 1970 cavo
506 1920 592 1981 striae
608 1934 668 1968 cum
678 1917 764 1968 fuerit
775 1917 910 1976 coniecta,

109 1984 277 2036 circumacta
295 1986 460 2048 anconibus,
481 1987 610 2036 striarum
630 1985 728 2034 dextra
747 1999 779 2032 ac
798 1983 911 2032 sinistra

108 2056 216 2116 tangat,
228 2066 398 2119 acumenque
408 2067 521 2103 normae
533 2053 636 2102 circum
645 2050 842 2100 rotundatione
852 2055 910 2099 tan·

109 2118 200 2183 gendo
216 2121 363 2188 pervagari
376 2120 474 2185 possit.
510 2117 717 2168 crassitudines
728 2118 857 2167 striarum
872 2114 910 2165 fa-

109 2184 223 2234 ciendae
235 2192 314 2248 sunt,
325 2192 455 2253 quantum
467 2185 588 2235 adiectio
599 2185 627 2234 in
637 2184 729 2234 media
739 2185 867 2234 columna
877 2198 911 2233 ex

109 2252 296 2316 descriptione
316 2254 480 2304 invenietur.
517 2252 557 2301 15.
577 2252 607 2301 ln
628 2252 718 2314 simis,
739 2266 809 2318 quae
829 2266 911 2316 supra

109 2332 241 2369 coronam
261 2320 290 2369 in
306 2320 441 2370 lateribus
461 2326 526 2370 sunt
544 2319 666 2380 aedium,
688 2320 780 2384 capita
798 2319 911 2368 leonina

108 2393 173 2435 sunt
182 2386 332 2452 scalpenda
341 2388 381 2438 ita
390 2387 497 2452 posita,
508 2387 549 2436 uti
560 2391 657 2435 contra
665 2385 807 2435 columnas
818 2385 910 2450 singu-

108 2452 149 2501 las
164 2453 282 2518 primum
296 2455 352 2504 sint
365 2453 527 2519 designata,
539 2458 634 2503 cetera
643 2453 752 2518 aequali
762 2452 845 2501 modo
857 2451 911 2500 dis·
959 2510 961 2516 Ι

109 2521 215 2583 posita,
241 2521 282 2570 uti
303 2521 415 2587 singula
429 2520 547 2586 singulis
561 2520 660 2568 mediis
674 2519 779 2585 tegulis
797 2532 910 2582 respon·

109 2586 203 2638 deant:
218 2586 288 2637 haec
298 2594 398 2650 autem,
410 2601 480 2653 quae
492 2591 572 2636 erunt
581 2592 679 2636 contra
689 2586 840 2646 columnas,
851 2598 910 2650 per-

108 2654 310 2704 terebratasint
318 2655 353 2704 ad
363 2653 496 2715 canalem,
504 2655 551 2719 qui
560 2653 688 2717 excipite
700 2652 802 2718 tegulis
813 2666 910 2718 aquam

107 2721 273 2772 coelestem:
285 2722 414 2772 mediana
425 2727 516 2771 autem
527 2722 583 2771 sint
592 2720 693 2782 solida,
704 2721 744 2771 uti
756 2735 825 2786 quae
837 2719 909 2769 cadit
