2054 3090
110 114 143 167 84
312 117 366 169 DE
391 116 709 181 ARCHITECTURA

111 224 236 285 potestas
247 219 336 283 aedis,
346 221 454 287 signum
465 220 539 286 quod
550 219 605 270 erit
613 219 643 269 in
652 219 725 281 cella
735 218 916 282 collocatum,

110 292 219 350 spectet
230 286 265 337 ad
277 288 462 353 vespertinam
474 287 547 337 coeli
557 287 716 354 regionem,
728 286 773 341 uti
782 287 916 352 poiadie-

110 354 164 403 rint
172 354 206 403 ad
216 369 291 405 aram
299 354 476 413 immolantes
486 360 534 405 aut
543 353 682 409 sacrificia
693 352 841 417 iacientes,
855 368 916 420 ppe-

113 428 188 471 ctcnt
202 422 236 471 ad
249 428 357 487 partem
370 420 445 471 coeli
460 421 576 479 orientis
589 427 619 472 et
630 421 822 483 simulacrum,
840 419 915 486 quod

112 489 165 538 erit
174 489 203 538 in
218 489 301 550 aede,
316 494 344 538 ct
353 488 394 538 ita
402 497 468 538 vota
477 489 663 554 suscipientes
673 493 861 549 contueantur
872 502 916 539 ae-

112 555 173 624 dem
189 560 218 605 et
229 555 366 605 orientem
377 555 463 617 coeli,
477 556 593 622 ipsaque
607 555 757 617 simulacra
768 555 918 615 rideantur

111 623 268 673 exorientia
291 623 419 672 contueri
445 623 634 689 supplicantes
661 629 690 674 et
713 622 917 685 sacrificantem

111 688 185 755 quod
202 704 264 740 aras
280 704 376 740 omnes
391 689 506 741 deorum
515 704 644 753 noemae
655 688 865 751 eseerideatur
883 689 918 739 ad

113 756 252 807 orientem
266 762 402 822 spectare.
439 758 463 807 2.
483 757 532 808 Sin
546 762 639 809 autem
649 756 707 808 loci
720 763 821 817 natura
832 757 917 807 inter-

112 822 338 887 pellaverittunc
349 823 553 876 convertendae
558 831 623 885 suut
632 822 848 887 earumssuodium
853 838 917 873 con-

111 892 287 954 stitutiones,
300 892 341 942 uti
356 906 437 957 quam
452 891 573 958 plurima
585 904 651 958 pars
661 892 834 948 moeniume
849 896 918 941 tem·

110 959 163 1026 plis
183 960 298 1010 deorum
317 957 513 1024 conspiciatur.
548 957 618 1010 item
632 959 658 1008 si
668 958 820 1021 seeundum
829 955 918 1009 flumi-

111 1041 146 1076 na
156 1027 240 1077 aedes
251 1041 347 1077 sacrae
358 1026 433 1089 fient,
448 1026 489 1076 ita
498 1025 540 1076 uti
547 1027 675 1092 Aegypto
686 1027 762 1077 circa
767 1024 872 1088 Nilum,
883 1024 918 1076 ad

111 1093 230 1145 {luminis
247 1094 322 1160 ripas
340 1094 468 1145 ridentiu
490 1099 616 1160 spectare
636 1092 746 1155 debere.
782 1090 919 1145 Similiter

112 1162 137 1211 si
151 1162 255 1213 circum
269 1162 329 1212 rias
343 1160 470 1229 publicas
489 1166 570 1211 erunt
582 1160 711 1224 aedificia
728 1159 857 1221 deorum,
875 1160 918 1209 ita

111 1229 327 1290 constituantur,
340 1229 381 1278 uti
394 1233 604 1296 praetereuntes
617 1228 725 1295 possint
737 1227 878 1295 respicere
890 1232 920 1277 et

111 1296 140 1345 in
150 1300 304 1360 conspectu
314 1294 498 1345 salutationes
507 1294 612 1346 facere.
889 1301 895 1311 ‘

408 1394 542 1445 onPoT
567 1394 618 1448 vi.

113 1475 158 1528 De
180 1476 335 1528 ostiorum
362 1485 392 1528 et
412 1485 918 1551 antepagmentorpm-eoerprom

347 1544 469 1597 aedium
486 1544 678 1613 rationibus.

164 1628 306 1679 Ostiorum
325 1636 418 1680 autem
432 1635 461 1680 et
476 1644 572 1681 eorum
590 1635 867 1697 antepagmentorum
886 1631 917 1680 in

112 1695 227 1746 aedibus
238 1695 290 1747 hae
301 1703 365 1747 sunt
374 1697 512 1760 rationes,
521 1698 564 1761 uti
572 1698 690 1764 primum
700 1696 918 1762 constituantur,

111 1778 165 1829 quo
180 1778 283 1832 genere
297 1764 354 1815 sint
367 1763 485 1817 futurae.
522 1763 633 1817 Genera
650 1770 715 1821 eunt
731 1765 804 1815 enim
817 1762 915 1830 thyro·

112 1828 771 1899 matonhaemlloricum,lonicum,Atticurges.
805 1830 917 1889 Horum

112 1899 290 1963 symmetriae
301 1899 509 1965 conspiciuntur
517 1897 560 1961 his
571 1899 739 1961 rationibus,
754 1899 797 1949 uti
809 1913 917 1950 corona

112 1975 226 2029 summa,
233 1981 303 2034 quae
315 1982 399 2033 supra
409 1973 674 2035 antepagmentump
693 1966 789 2032 perias
797 1965 916 2032 imponi-

112 2038 169 2094 tur,
184 2048 272 2099 aeque
285 2033 388 2086 librata
397 2034 435 2085 sit
444 2033 574 2102 capitulis
585 2050 655 2097 sum,
686 2050 699 2084 s
714 2033 916 2097 columnarum,

113 2101 226 2163 quaein
243 2115 349 2165 pronao
363 2100 480 2152 fuerint:
500 2102 593 2153 lumen
608 2108 700 2153 autem
711 2099 840 2167 hypactri
850 2114 916 2152 con-

112 2165 244 2215 stituatur
254 2167 308 2229 sic,
323 2168 365 2218 uti
374 2182 446 2285 guae
457 2168 576 2220 altitudo
586 2169 666 2220 aedis
676 2183 693 2218 a
705 2168 865 2234 parimento
879 2167 916 2217 ad

112 2231 255 2282 lacunaria
263 2232 362 2296 luerit,

113 2300 154 2349 eis
170 2300 241 2350 duae
255 2306 349 2366 partes
367 2301 465 2352 lumini
484 2303 625 2355 valvarum
644 2302 791 2353 altitudine
811 2302 916 2352 consti-

111 2373 231 2418 tuantur.
268 2368 348 2421 Haec
361 2376 453 2420 autem
462 2369 601 2423 dividatur
613 2371 643 2421 in
651 2376 746 2436 partes
757 2369 915 2430 duodecim,

112 2441 141 2485 et
155 2450 190 2486 ex
204 2436 245 2486 eis
260 2437 382 2503 quinque
397 2443 428 2497 et¹
439 2436 555 2489 dimidia
564 2437 683 2489 latitudo
699 2437 812 2488 luminis
823 2436 872 2487 liat
886 2437 916 2486 in

109 2503 178 2554 imos
196 2511 225 2555 et
237 2504 266 2555 in
280 2520 386 2556 summo
403 2503 595 2568 contrahatur,
609 2505 635 2556 si
648 2504 803 2557 eritlumen
813 2504 848 2555 ab
858 2504 915 2553 imo

109 2570 145 2621 ad
161 2572 302 2625 sexdecim
312 2573 410 2641 pedes,
426 2573 632 2640 antepagmenti
647 2573 732 2624 tertia
748 2580 839 2640 parte;
854 2585 916 2623 sex·

58 2694 61 2699 ,
109 2637 199 2690 decim
209 2641 309 2707 pedum
321 2640 355 2691 ad
366 2641 462 2707 viginti
475 2642 609 2707 quinque,
625 2639 753 2706 superior
763 2653 826 2704 pars
837 2638 917 2689 lumi·

393 2234 513 2286 iridatur
522 2237 551 2287 in
561 2243 654 2302 partes
664 2242 723 2287 tres
734 2234 831 2298 sentis,
843 2240 917 2285 etex
