2054 3090
114 153 159 203 tao
309 153 363 204 DE
389 153 709 207 ARCHITECTURA

112 269 148 321 gn
164 255 189 305 si
202 253 246 305 his
260 256 416 306 rationibus
434 257 468 307 ad
483 256 657 324 singulorum
672 271 808 324 generum
821 270 920 323 perso-

113 338 174 384 nas,
194 322 236 373 uti
248 322 277 373 in
292 323 364 374 libro
376 325 465 390 primo
484 324 518 375 de
533 323 636 375 decore
652 331 696 376 est
709 329 846 391 scripturn
879 325 921 375 ita

111 390 249 456 disposita
262 398 343 442 erunt
362 391 504 454 aedificia,
525 406 580 442 non
597 393 651 443 erit
667 391 743 460 quod
763 361 916 458 repreben-

111 457 204 508 datur:
224 455 365 509 habebunt
383 459 455 508 enirn
474 459 508 509 ad
525 473 621 510 omnes
637 474 683 511 res
703 459 868 511 commodas
888 467 916 512 et

111 525 271 576 emendatas
283 525 495 591 explicationes.
531 526 632 577 Earum
643 533 736 578 autem
750 542 846 577 rerum
859 542 916 578 non

110 593 200 643 solum
212 600 292 643 erunt
302 593 329 642 in
340 592 409 643 urbe
419 593 611 644 aedificiorum
621 596 757 656 rationes,
768 594 819 645 sed
830 594 916 645 etiam

110 660 182 721 ruri,
194 660 474 728 praeterquamquod
485 661 512 710 in
523 660 592 712 urbo
603 662 675 712 atria
684 662 814 727 proxima
822 662 914 713 ianuis

110 727 203 777 solent
213 742 290 790 esse,
305 728 361 779 ruri
374 743 440 778 vero
452 727 672 793 pseudourbanis
683 729 779 780 statim
794 729 915 796 peristy-

110 794 162 855 lia,
173 792 274 846 deinde
284 802 351 846 tunc
362 795 434 847 atria
445 781 577 845 habentia
587 795 691 847 circum
701 797 829 862 porticus
840 797 915 863 pavi·

109 866 202 911 niente
211 863 367 928 spectantia
377 863 412 913 ad
419 862 574 928 palaestras
585 870 613 916 et
623 863 837 914 ambulationes.

161 927 260 989 Quoad
274 930 353 995 potui
363 931 484 980 urbanas
498 929 622 980 rationes
633 930 828 981 aedificiorum
843 945 915 980 sum-

111 996 204 1045 matim
214 997 379 1062 perscripsi,
395 1003 426 1047 ut
434 998 581 1062 proposui:
601 997 856 1049 nuncrusticoruni
871 1011 915 1047 ex-

111 1063 296 1127 peditionem,
315 1070 346 1115 ut
359 1065 415 1114 sint
429 1064 464 1113 ad
479 1080 558 1114 usum
576 1065 737 1127 commoda,
759 1064 914 1131 quibusque

110 1129 266 1182 rationibus
276 1130 417 1182 collocare
429 1138 560 1197 oporteat
568 1147 611 1196 ea,
622 1131 720 1184 dicam.

407 1248 543 1300 CAPUT
568 1247 620 1300 vl.

438 1313 514 1372 (vulgo
527 1313 584 1369 rx.)

126 1385 174 1438 De
195 1385 396 1440 rusticorum
425 1387 665 1456 aedificiorum
691 1389 897 1441 rationibus.

161 1470 284 1521 Primum
295 1472 329 1522 de
340 1472 563 1534 salubritatibus,
581 1473 622 1523 uti
632 1473 660 1523 in
668 1475 758 1539 primo
775 1473 915 1525 volumine

111 1539 146 1588 de
155 1538 302 1589 moenibus
313 1538 486 1590 collocandis
497 1540 629 1606 scriptum
641 1547 693 1603 est,
701 1542 833 1608 regiones
845 1541 915 1606 aspi·

112 1606 233 1665 cientur,
259 1612 288 1657 et
310 1605 354 1656 'ita
377 1605 460 1656 villae
485 1607 669 1659 collocentur.
705 1607 914 1675 Magnitudines

111 1687 206 1723 earum
221 1671 381 1725 admodum
397 1674 457 1740 agri
477 1675 628 1741 copiasque
646 1674 787 1727 fructuum
806 1689 914 1741 compa·

111 1746 219 1793 rentum
239 1747 333 1792 cortes
348 1741 606 1809 magnitudinesque
622 1758 717 1794 earum
733 1742 768 1793 ad
780 1756 914 1809 pecorum

111 1823 267 1871 numerum,
283 1815 366 1876 atque
377 1814 445 1876 quot
453 1808 521 1875 iuga
530 1808 614 1861 boum
625 1825 694 1877 opus
704 1809 792 1861 fuerit
801 1809 841 1859 ibi
856 1823 914 1861 ver-

111 1876 182 1941 sari,
199 1878 239 1928 ita
254 1877 394 1928 finiantur.
428 1874 459 1925 lu
473 1881 552 1926 corte
567 1877 660 1928 culina
678 1893 759 1944 quam
778 1875 915 1927 calidissi-

111 1959 156 1994 ruo
174 1944 237 1996 loco
258 1944 434 2012 designetur,
454 1941 604 1994 coniuncta
616 1950 707 1995 autem
722 1942 825 1995 habeat
837 1943 915 1994 bubi-

112 2011 162 2074 lia,
177 2026 294 2079 quorum
304 2010 451 2078 praesepia
462 2009 498 2059 ad
507 2008 601 2061 iocum
613 2017 641 2061 et
652 2011 768 2075 orientis
783 2009 858 2062 coeli
870 2025 913 2060 re·

112 2080 223 2145 gionem
239 2086 377 2146 spectent;
395 2077 459 2129 ideo
480 2076 555 2143 quod
568 2077 655 2141 boves
670 2078 762 2129 lumen
778 2084 807 2129 et
820 2077 914 2144 ignem

112 2145 263 2211 spectando
280 2145 385 2196 horridi
400 2161 456 2196 non
469 2143 547 2196 finnt.
581 2144 651 2196 ltem
666 2144 808 2213 agricolae
821 2145 915 2212 regio-

112 2213 333 2279 numperitinon
343 2219 440 2278 putant
451 2218 581 2278 oportere
593 2212 675 2263 abans
691 2227 721 2263 re
744 2213 836 2264 'onem
851 2225 914 2262 coe·

111 2277 229 2330 libovos
240 2285 368 2345 spectare
379 2279 433 2329 nisi
450 2286 540 2330 ortum
555 2279 633 2330 solis.
670 2282 694 2331 2.
737 2279 853 2330 ubilium
868 2293 914 2328 au·

111 2350 167 2397 teni
182 2343 286 2398 debent
299 2361 362 2398 esse
376 2346 538 2397 latitudines
552 2362 604 2398 nec
617 2347 739 2398 minores
751 2347 853 2414 pedum
867 2345 914 2396 de-

110 2429 175 2466 num
184 2427 238 2467 nee
246 2415 367 2466 maiores
378 2413 556 2481 quindenum:
578 2414 739 2480 longitudo,
756 2412 915 2481 utisingula

109 2479 178 2551 iuga
189 2496 225 2535 ne
239 2483 330 2533 minus
342 2487 479 2547 occupent
489 2481 574 2546 pedes
588 2488 729 2547 septenos.
764 2479 914 2532 Balnearia

108 2546 177 2602 item
190 2550 340 2604 coniuncta
356 2551 412 2601 sint
426 2548 548 2612 culinac3
567 2547 608 2599 ita
627 2549 700 2599 enim
717 2548 852 2600 lavationi
870 2562 913 2597 ru·

108 2616 198 2671 sticaa
220 2618 389 2670 ministratio
409 2632 464 2667 non
484 2615 538 2666 erit
556 2615 650 2682 longe.
685 2615 824 2668 'l'orcular
845 2615 913 2665 item

108 2687 266 2746 proximan
280 2686 318 2738 sit
332 2686 453 2749 culinae;
473 2683 514 2734 ita
525 2683 600 2734 enim
613 2682 648 2733 ad
663 2683 786 2736 olearios
805 2681 913 2733 fructus
