2054 3090
159 222 193 272 48
352 223 407 275 DE
437 225 769 277 ARCHITECTURA

158 324 287 387 lamitati,
298 325 371 392 quod
383 327 419 378 ad
428 328 558 378 incendia
568 327 608 378 uti
618 325 695 378 faces
707 334 772 379 sunt
780 327 880 394 parati.
913 325 967 378 lta·

159 406 212 457 que
223 393 311 444 satius
322 409 385 444 csse
397 395 649 461 videtur,impensa
657 401 845 446 testaceorum
856 394 884 444 in
895 409 967 444 sum-

159 465 223 524 ptu,
240 475 322 526 quam
337 462 502 528 compendio
519 463 693 512 cratitiorum
710 463 816 513 esseio
849 461 966 512 ericulo.

158 526 250 577 Etiam
264 529 311 594 qui
327 529 356 579 in
366 529 494 580 tectoriis
506 529 637 595 operibus
647 530 732 580 rimas
745 527 786 596 [in
795 477 846 596 iis}
859 528 967 579 faciunt

159 596 374 646 arrectariorum
407 602 436 646 et
467 597 734 647 transversariorum
770 596 965 662 dispositione.

159 662 226 712 Cum
239 663 310 712 enim
322 663 453 725 linuntur,
461 665 629 729 recipientes
641 662 783 714 humorem
792 668 966 730 turgescunt,

159 728 259 779 deinde
274 730 454 781 siccescendo
477 729 692 793 contrabuntur,
713 736 742 782 et
764 732 805 782 ita
823 730 966 781 extenuati

159 795 334 862 disrumpunt
347 799 530 849 tectoriorum
545 798 725 849 soliditatem.
763 797 819 850 Sed
835 797 966 864 quoniam

158 863 307 914 nonnullos
325 864 456 916 celeritas
471 871 519 916 aut
532 867 628 932 inopia
644 872 693 916 aut
706 866 893 930 impendentis
909 864 964 914 loci

158 931 293 996 disseptio
306 932 392 1000 cogit,
404 933 445 983 sic
455 934 509 983 erit
518 932 686 984 faciendum.
715 932 811 985 Solum
822 932 964 983 substrua-

157 999 273 1061 turalte,
282 1004 313 1049 ut
323 1001 379 1050 sint
388 1000 487 1051 intacti
498 1000 638 1051 abrudere
650 1006 679 1051 et
688 1001 855 1067 pavimento.
876 998 963 1048 Obru-

157 1066 178 1116 ti
189 1067 301 1116 enimin
312 1065 355 1117 his
366 1083 427 1118 cum
438 1074 511 1130 sunt,
518 1073 657 1118 vetustate
668 1068 785 1118 marcidi
794 1067 875 1129 liunt3
888 1065 963 1116 dein·

157 1136 191 1186 de
208 1134 386 1186 subsidentes
404 1135 596 1201 proclinantur
611 1142 640 1186 et
653 1136 828 1201 disrumpunt
840 1133 964 1200 speciem

156 1203 349 1253 tectoriorum.
384 1201 428 1253 De
443 1202 598 1270 parietibus
610 1209 639 1253 et
648 1203 830 1270 apparatione
847 1215 963 1268 genera-

156 1270 206 1319 tim
216 1270 350 1320 materiae
362 1284 470 1332 eorum,
486 1270 586 1336 quibus
602 1270 659 1321 sint
672 1270 824 1321 virtutibus
840 1268 964 1330 etvitiis‚

157 1336 388 1402 quemadmodum
399 1338 493 1402 potui,
508 1338 639 1405 exposuit
658 1337 693 1389 de
704 1335 963 1404 contignationibus

156 1409 248 1453 autem
269 1410 298 1454 et
317 1405 406 1469 copiis
423 1419 530 1467 earum,
553 1404 652 1472 quibus
675 1411 871 1472 comparantur
886 1403 964 1454 etad

156 1476 322 1521 vetustatem
332 1486 388 1522 non
399 1477 464 1524 suut
472 1472 613 1537 infirmae,
623 1473 666 1524 uti
675 1479 776 1524 natura
784 1487 878 1523 rerum
887 1485 964 1522 mon·

155 1543 238 1600 strat,
249 1538 405 1605 explicabo.

451 1640 588 1696 CAPUT
613 1641 667 1696 IX.

437 1721 488 1778 De
512 1724 686 1780 materia.

203 1808 338 1861 Materies
349 1811 492 1862 caedenda
502 1811 666 1878 estaprimo
678 1816 808 1862 autumno
816 1808 885 1859 adid
893 1815 949 1860 tem

154 1892 220 1942 pos,
240 1877 316 1944 quod
337 1880 392 1930 erit
414 1886 575 1946 antequam
595 1877 663 1930 flare
682 1879 798 1946 incipiat
810 1876 960 1928 Favonius.

154 1944 227 1996 Vere
237 1947 309 1996 cuim
320 1961 416 1998 omnes
427 1947 542 1998 arbores
548 1946 617 1998 liunt
625 1952 823 2014 praegnantes,
830 1951 961 1995 etomnes

154 2028 221 2063 suae
238 2015 420 2080 proprietatis
435 2015 565 2065 virtutem
579 2013 701 2066 efferunt
713 2014 742 2064 iu
758 2011 874 2064 frondes
885 2013 961 2061 anni-

153 2081 350 2147 versariosque
364 2081 481 2133 fructus.
517 2082 585 2132 Cum
601 2097 669 2150 ergo
680 2083 777 2132 inanes
789 2086 818 2130 et
831 2077 960 2128 humidae

154 2153 310 2213 temporum
327 2151 496 2200 necessitate
513 2163 612 2201 caesae
623 2149 740 2211 fuerint,
757 2145 962 2199 ranaeliuntet

155 2214 316 2265 raritatibus
331 2216 503 2268 imbecillae:
526 2217 568 2267 uti
582 2217 666 2268 etiam
682 2230 802 2282 corpora
811 2213 960 2263 muliebria

155 2296 216 2331 cum
233 2284 426 2348 conceperint,
443 2284 547 2335 afoetu
562 2285 597 2335 ad
610 2292 719 2351 partum
732 2299 788 2334 non
801 2280 960 2331 iudicantur

153 2348 277 2416 integra;
302 2365 392 2416 neque
404 2350 431 2400 in
441 2352 586 2402 venalibus
598 2367 645 2414 ea,
661 2367 722 2403 cum
733 2355 798 2401 suut
806 2361 961 2416 praegnan-

154 2416 203 2479 tia,
209 2422 388 2483 praestantur
397 2419 546 2482 sana,ideo
559 2419 633 2486 quod
643 2419 672 2468 in
680 2431 799 2484 corpore
809 2414 959 2483 praesemi-

154 2485 231 2535 natio
247 2498 376 2536 crescens
388 2500 423 2536 ex
434 2487 561 2537 omnibus
572 2486 628 2537 cibi
636 2485 823 2554 potestatibus
838 2479 961 2533 detrabit

152 2551 287 2603 elimenta
296 2552 325 2603 in
335 2568 375 2618 se,
382 2560 470 2621 etquo
482 2554 588 2605 firmior
598 2555 716 2605 efficitur
728 2552 763 2603 ad
771 2549 960 2602 maturitatem

130 2627 255 2692 partus,
281 2635 318 2673 eo
338 2624 432 2677 minus
452 2623 560 2693 patitur
581 2637 645 2674 esse
661 2621 783 2672 solidum
793 2618 838 2680 id,
854 2632 889 2668 ex
904 2631 959 2694 quo

119 2693 223 2763 113511111
231 2701 424 2756 procreatur.
464 2696 568 2766 ltaque
581 2693 660 2746 edito
670 2685 852 2753 ioctu,nuob
872 2684 974 2760 niuem

105 2747 199 2804 ⁸¹¹&
211 2771 317 2826 80nus
327 2765 518 2823 incrementi
528 2761 763 2822 detrahebatur,
777 2764 871 2806 cuma
896 2748 989 2808 bisop-
