2054 3090
332 215 457 268 Llsssa
473 216 524 269 Vl.
552 217 635 270 cle.
654 215 709 273 lll.
871 214 918 264 127

113 318 183 382 rint,
198 317 356 369 latitudinis
372 318 487 369 dimidia
501 319 609 381 addita,
625 320 787 371 altitudines
802 318 919 368 educan-

113 393 167 437 tur.
205 385 426 448 Pinacotbecae‚
441 387 482 436 uti
493 387 627 447 exedrae,
645 385 918 453 amplismagnitudi-

114 454 195 503 nibus
207 460 272 503 sunt
282 455 508 504 constituendae:
530 455 590 504 oeci
603 454 754 515 Corinthii,
765 452 918 518 tetrastyli-

114 536 181 587 que,
200 523 302 587 quique
313 522 445 588 Aegyptii
462 528 611 584 vocantur,
632 521 787 573 latitudinis
809 526 838 570 et
855 519 914 569 lon-

114 588 264 655 gitudinis,
282 590 322 638 uti
342 604 426 655 supra
443 590 628 640 tricliniorum
648 589 827 656 symmetriae
848 587 914 636 scri-

113 662 178 721 ptae
193 662 272 717 sunt,
288 657 329 706 ita
344 655 464 707 babeant
477 657 629 717 rationem,
648 658 697 707 sed
712 664 825 723 propter
839 654 914 702 colu-

113 738 238 772 mnarum
255 723 486 789 interpositiones
501 725 685 790 spatiosiores
700 724 912 774 constituantur.

112 789 137 839 9.
157 790 233 839 lnter
246 789 405 841 Corinthios
422 798 514 841 autem
529 796 557 841 et
570 792 724 858 Aegyptios
740 789 794 840 boc
809 791 863 839 erit
875 788 913 836 di-

113 857 247 908 scriment
269 856 405 908 Corinthii
424 859 565 924 simplices
586 856 688 908 habent
705 859 847 908 columnas
868 863 915 904 aut

112 924 140 973 in
152 924 236 990 podio
248 925 355 990 positas
368 926 450 976 autin
461 926 531 987 imo,
548 941 686 992 supraque
697 924 800 975 babent
810 924 913 987 episty-

112 992 151 1040 lia
170 998 200 1041 et
218 1007 336 1042 coronas
357 999 404 1042 aut
423 1008 458 1043 eu
474 994 609 1043 intestino
630 1008 714 1059 opere
726 998 774 1043 aut
792 989 912 1050 albaric;

111 1064 259 1123 praeterea
268 1075 351 1126 supra
361 1075 479 1111 coronas
491 1076 574 1111 curva
584 1061 726 1110 lacunaria
735 1059 769 1108 ad
781 1057 912 1107 circinum

112 1126 280 1177 delumbata.
320 1128 351 1176 ln
374 1128 520 1194 Aegyptiis
546 1135 637 1177 autem
661 1142 744 1192 supra
771 1124 913 1174 columnas

112 1193 258 1259 epistylia,
270 1203 298 1245 et
309 1195 342 1244 ab
354 1195 493 1261 epistyliis
504 1195 539 1244 ad
550 1195 685 1259 parietes,
698 1194 743 1259 qui
755 1197 819 1242 sunt
829 1191 912 1250 circa,

111 1261 280 1326 imponenda
290 1269 333 1312 est
341 1263 527 1329 contignatio,
541 1276 625 1328 supra
636 1262 828 1311 coaxationem
839 1257 913 1324 pavi-

110 1334 246 1390 mentum,
271 1330 322 1380 sub
346 1330 392 1380 dio
413 1335 444 1379 ut
461 1329 499 1379 sit
517 1329 660 1380 circuitus.
694 1327 803 1378 Deinde
831 1340 914 1391 supra

111 1396 271 1462 epistylium
291 1397 326 1446 ad
344 1395 570 1464 perpendiculum
590 1396 753 1446 inferiorum
773 1394 913 1444 columna-

110 1477 171 1513 rum
191 1464 374 1530 imponendae
390 1472 454 1516 sunt
473 1466 595 1515 minores
616 1473 713 1530 quarta
732 1469 811 1529 parte
838 1460 913 1511 colu·

110 1546 205 1581 mnae:
225 1547 309 1597 supra
324 1547 416 1583 earum
433 1534 564 1599 epistylia
579 1540 607 1582 et
623 1539 784 1582 ornamenta
802 1529 912 1580 lacuna-

110 1599 161 1648 riis
174 1607 315 1661 ornantui,
328 1607 356 1650 et
364 1601 438 1650 inter
448 1601 591 1650 columnas
601 1597 912 1666 superiores-fenestrae

115 1665 305 1727 collocantur3
325 1667 365 1716 ita
374 1666 552 1718 basilicarum
566 1683 599 1717 ca
609 1668 778 1727 similitudo,
794 1681 849 1715 noa
861 1664 913 1713 Co·

109 1730 278 1781 rintbiorum
303 1733 499 1795 tricliniorum,
525 1735 637 1784 videtur
656 1749 728 1784 esse.
766 1735 806 1782 lo.
828 1731 914 1782 Fiunt

108 1807 204 1849 autem
221 1798 303 1847 etiam
324 1814 378 1848 non
393 1799 506 1850 ltalicae
522 1802 731 1851 consuetudinis
747 1800 822 1860 oeci,
842 1812 913 1864 quos

111 1865 216 1917 Graeci
235 1863 394 1925 Κυζικηνοὺς
413 1867 562 1931 appellant.
598 1868 636 1916 lli
656 1867 830 1918 collocantur
852 1880 912 1931 spc-

112 1941 223 1983 ctantes
238 1932 273 1981 ad
289 1933 524 1997 septentrionem,
544 1941 573 1983 et
593 1935 711 1984 maxime
731 1933 833 1983 viridia
851 1947 913 1998 pro-

112 2001 277 2065 spicientes,
293 1999 441 2066 salvasque
456 1999 558 2051 habent
569 2002 596 2050 in
612 2002 713 2051 medio.
749 2000 805 2066 lpsi
821 2006 912 2050 autem

113 2075 178 2117 sunt
190 2069 230 2116 ita
240 2067 317 2133 longi
330 2073 358 2117 et
367 2066 431 2128 lati,
446 2069 485 2118 uti
500 2069 554 2118 duo
563 2068 686 2118 triclinia
701 2084 760 2118 cum
773 2067 913 2117 circuitio-

113 2136 194 2185 nibus
208 2136 281 2183 inter
295 2150 324 2184 se
340 2137 494 2201 spectantia
504 2136 613 2202 possint
628 2150 690 2186 esse
701 2135 852 2197 collocata,
868 2133 913 2184 ha-

112 2203 233 2267 bentque
249 2202 347 2251 dextra
361 2218 393 2252 ae
408 2203 521 2253 sinistra
535 2203 639 2253 lumina
653 2203 838 2253 fenestrarum
859 2201 914 2251 val-

114 2277 186 2330 vata,
196 2271 235 2319 uti
247 2271 348 2319 viridia
358 2269 392 2319 de
404 2267 484 2321 lectis
495 2285 545 2336 per
556 2271 647 2336 spatia
657 2270 841 2321 fenestrarum
843 2285 914 2386 pro-

113 2338 273 2403 spiciantur.
309 2337 477 2388 Altitudines
502 2353 598 2388 eorum
623 2337 737 2388 dimidia
759 2338 840 2387 latitu
861 2337 915 2385 inis

114 2404 209 2453 addita
225 2405 439 2455 constituuntur.
477 2407 515 2455 ll.
535 2405 565 2454 ln
576 2403 619 2456 his
630 2406 821 2456 aedificiorum
832 2418 914 2470 genc-

113 2471 190 2522 ribus
211 2486 305 2521 omnes
326 2479 390 2523 sunt
413 2473 559 2523 faciendae
580 2488 673 2523 earum
692 2473 913 2538 symmetriarum

113 2539 253 2601 rationes,
267 2553 338 2604 quae
353 2541 412 2590 sine
426 2541 608 2606 impeditione
623 2540 679 2591 loci
696 2541 756 2590 fieri
770 2544 914 2606 poterunt:

114 2606 270 2672 luminaque
285 2608 434 2672 parietum,
455 2608 647 2659 altitudinibus
668 2610 693 2658 si
713 2623 767 2658 non
786 2606 914 2658 obscura-

114 2673 227 2736 buntur,
248 2674 371 2726 faciliter
390 2683 470 2727 erunt
485 2676 634 2742 explicata:
655 2676 698 2726 sin
719 2682 809 2726 autem
830 2676 913 2740 impc-

115 2741 224 2793 dientur
244 2742 277 2792 ab
298 2745 434 2810 angustiis
454 2751 502 2795 aut
519 2745 582 2794 aliis
606 2744 835 2806 necessitatibuS,
857 2749 917 2792 tum
