2054 3090
346 110 519 168 braant
547 111 630 166 aar.
649 113 673 164 l.
893 112 910 164 b

108 215 294 278 cai-rebar}
305 215 499 269 unumne
510 215 595 267 aaran
604 216 633 267 in
645 213 831 269 architectum
840 214 910 270 haee

108 281 679 350 nmiumcqaatsignificnturstqnnd
687 284 837 351 significat.
867 284 915 338 Si-

110 353 258 420 gsiiicatur
270 349 421 416 proposita
431 364 478 401 res
488 350 523 402 de
533 366 588 424 qna
602 351 716 403 dicitur:
733 351 803 403 hanc
817 359 910 403 autem

111 419 254 487 siguificat
268 417 470 469 demonstratio
485 418 641 470 rationibus
660 418 849 484 doctrinarum
864 435 910 471 ex-

110 488 226 554 plicata,
260 485 353 546 Quare
363 484 473 535 videtur
484 491 545 537 ntra
564 501 601 537 aa
610 487 779 538 exercitatus
790 503 852 538 esse
864 488 909 538 de-

108 557 176 607 bere
184 591 196 616 ,.
202 553 251 625 qui
260 567 290 603 se
302 550 486 603 architectum
495 501 666 618 producatur.
702 554 798 621 ltaque
809 570 872 606 enm
882 564 911 607 et

109 621 288 688 ingeniosam
301 634 363 671 csso
380 625 505 685 oportet,
521 626 549 671 et
558 619 593 671 ad
604 621 765 687 disciplinas
776 623 909 686 docilem

110 703 200 756 neque
217 687 291 739 onim
303 688 446 753 ingenium
455 687 516 738 sine
527 688 687 754 disciplina,
705 698 753 741 aut
763 690 911 756 disciplina

108 758 171 810 sine
185 755 301 821 ingenio
316 753 470 819 perfectum
484 755 618 806 artificem
633 763 727 822 potest
738 756 863 809 efficere:
882 766 910 808 ot

109 831 140 875 nt
150 824 292 874 litteratus
302 822 354 883 sit,
365 822 470 887 peritus
482 820 648 888 graphidos,
664 824 789 875 eruditus
799 839 910 890 geome-

109 893 179 955 tria,
194 897 223 940 et
233 889 340 955 optices
351 904 405 939 non
416 889 546 955 ignarus,
562 891 713 941 instructus
725 890 909 953 arithmetica,

110 959 244 1010 historias
259 957 416 1021 eonrplnres
431 955 553 1019 noverit,
566 955 750 1023 philosophos
761 958 910 1026 diligenter

109 1023 909 1093 audiveritnnusicamsciverit,medicinaenonsitignarus,

109 1093 319 1160 responaiuris
330 1090 520 1142 consultorum
527 1092 645 1156 noverit,
654 1093 836 1160 astrologiam
847 1109 909 1143 coe-

110 1163 188 1229 lique
197 1161 321 1211 rationes
332 1159 464 1226 cognitas
472 1157 580 1210 habeat
608 1160 633 1210 4.
653 1159 730 1220 Quae
741 1161 908 1223 curitasint,

111 1233 164 1280 hae
174 1236 357 1280 suntcausae.
378 1225 502 1278 Litteras
512 1225 695 1280 architectum
704 1228 777 1279 scire
788 1237 911 1294 oportet,

108 1298 152 1349 nti
167 1294 372 1347 cornamentariis
386 1295 548 1345 memoriam
562 1295 713 1346 firmiorem
723 1295 835 1348 efficere
845 1312 908 1362 pas-

108 1367 155 1416 sit.
174 1363 285 1414 Deinde
297 1361 447 1429 graphidos
457 1363 603 1414 scientiam
613 1361 724 1426 habore,
734 1377 788 1428 qno
797 1364 909 1415 facilius

108 1431 314 1498 exemplaribus
324 1430 407 1495 pictis
415 1445 496 1496 quam
505 1431 574 1482 velit
584 1433 676 1497 operis
686 1432 807 1498 speciem
818 1433 909 1484 defor-

107 1514 185 1555 mare
197 1498 296 1549 valeat.
318 1497 480 1548 Geometria
489 1505 581 1550 antem
591 1500 671 1565 plura
680 1501 821 1565 praesidia
830 1514 908 1567 prae-

108 1573 167 1622 stat
177 1564 392 1618 architecturam
409 1572 438 1617 et
446 1566 565 1632 primum
576 1566 778 1634 euthygrammi
790 1574 818 1618 et
829 1569 904 1618 circi·

108 1637 138 1686 ni
151 1633 239 1686 tradit
254 1648 344 1695 mum,
359 1647 440 1700 equo
455 1635 573 1684 maxime
588 1634 700 1686 facilius
717 1636 907 1686 aedificiorum

108 1704 138 1754 in
149 1702 224 1753 areis
234 1700 418 1766 expediuntur
428 1700 640 1768 descriptiones,
656 1718 868 1769 normarumque
880 1710 908 1753 et

108 1769 290 1821 librationum
297 1774 326 1818 et
334 1768 470 1819 linearum
480 1769 659 1820 directiones.
695 1770 763 1821 ltem
773 1786 823 1836 per
831 1771 907 1835 Opti-

108 1853 162 1889 cea
180 1837 210 1889 in
228 1835 364 1887 aedificiis
380 1836 414 1886 ab
434 1837 518 1888 cortis
533 1836 697 1903 regionibns
717 1839 790 1889 coeli
804 1839 909 1887 lumina

108 1910 187 1957 recte
200 1903 344 1966 ducuntur.
380 1902 435 1954 Per
444 1903 641 1955 dritluneticen
650 1920 717 1954 vero
728 1911 851 1971 sumptus
864 1920 907 1954 ae-

109 1973 268 2034 dificiorum
279 1978 513 2033 consummantur,
528 1986 717 2022 mensurarum
727 1973 852 2022 rationes
862 1987 907 2022 ex-

108 2042 265 2108 plicantur:
284 2037 470 2104 diilicilesque
481 2039 660 2105 quaestiones
671 2040 851 2105 geometricis
865 2055 907 2089 ra-

109 2107 234 2160 tionibus
250 2113 278 2157 et
291 2103 630 2157 nrethodisinveninntur.
665 2106 689 2157 5.
708 2107 850 2158 Historias
862 2123 907 2158 au-

109 2191 167 2228 tem
183 2175 275 2241 plures
290 2174 402 2223 novisse
417 2178 540 2238 oportet,
556 2174 631 2240 quod
645 2174 733 2226 multa
746 2182 908 2226 ornamenta

109 2258 194 2310 saepe
205 2243 232 2293 ir
243 2240 374 2307 operibus
385 2239 531 2292 architecti
542 2240 697 2308 designant,
709 2242 743 2293 de
756 2244 854 2309 quibus
866 2258 907 2292 ar-

110 2310 252 2430 ἔιιιιιιίίε
264 2309 414 2370 rationem,
432 2307 621 2367 curiecerint.
638 2310 835 2376 quaerentibus
845 2311 907 2360 red-

130 2393 180 2430 ere

194 2377 303 2428 debent.
341 2376 479 2436 erenoad
493 2376 605 2427 modurn
614 2378 640 2428 si
649 2379 711 2444 quis
722 2385 828 2429 statuas
838 2393 907 2427 mar·
1003 2394 1005 2399 ·

109 2461 223 2499 nroroas
235 2443 384 2495 muliebres
397 2444 530 2507 stolatas,
548 2459 619 2511 quae
633 2446 797 2512 Caryatidas
813 2446 907 2495 dicun-

109 2523 170 2576 tur,
183 2528 234 2582 pro
245 2510 380 2562 columnis
396 2513 424 2564 in
435 2526 520 2578 opere
529 2514 673 2576 statuerit,
690 2519 719 2564 et
727 2514 841 2577 insuper
850 2529 907 2562 nru-

108 2582 231 2634 tulos'et
251 2594 370 2630 coronas
393 2580 593 2642 collocaverit,
614 2581 842 2647 percontantibus
868 2581 908 2629 ita

80 2669 84 2675 ·
107 2648 210 2704 reddet
224 2648 369 2698 rationem.
406 2648 497 2716 Carya
506 2649 604 2700 civitas
615 2648 839 2718 Peloponnensis
848 2663 912 2720 cnm
