2054 3090
262 139 265 146 ’
295 176 421 230 ursan
436 177 473 230 x.
502 176 638 230 cautu.
810 177 868 230 ‘m

50 288 155 332 ¹-cr'assa
168 285 288 346 quatuor
301 281 475 348 supponitur.
510 277 667 330 Trochloae
681 280 867 331 ¹ternos-ordi-

58 362 109 400 nes
129 348 317 399 orbiculorum
337 349 366 399 iu
386 348 562 399 latitudinem
576 344 711 398 habentes
727 347 867 399 collocan-

58 423 117 480 tur3
129 417 169 466 ita
183 423 241 467 tres
256 416 376 467 ductarii
391 415 473 466 funes
487 417 516 465 in
531 430 638 466 summo
649 414 793 466 machinae
803 416 868 465 reli·
883 448 887 457 -

59 490 170 552 gantur,
182 484 447 535 deindereferuntur
452 485 487 535 ad
497 484 580 533 imam
589 481 745 534 trochleam
756 489 784 533 et
792 484 868 534 traii-

60 553 172 604 ciuntur
192 566 227 603 ex
244 552 380 602 interiore
399 558 478 617 parte
497 566 548 619 per
561 550 622 601 eius
636 550 779 601 orbiculos
797 567 868 602 sum·

59 634 134 671 mos:
155 619 255 670 deinde
270 618 429 670 referuntur
443 619 478 669 ad
492 619 666 684 superiorem
675 617 832 669 trochleam
842 625 871 670 et
962 671 968 683 ,

60 687 239 739 traiieiuutur
253 687 286 738 ab
301 688 442 738 exteriore
458 693 537 753 parte
553 687 581 736 in
591 687 755 738 interiorem
765 701 816 755 per
827 701 869 736 or-

61 756 171 806 biculos
186 755 266 806 imos.
302 754 326 805 9.
346 756 414 805 Cum
421 755 616 805 descenderint
626 754 661 805 ad
670 755 768 818 imum,
785 755 869 805 exin-

60 824 167 875 teriore
183 829 260 888 parte
276 829 304 873 et
319 837 369 888 per
384 823 522 873 secundos
534 821 676 873 orbiculos
688 821 870 874 traducuntur

61 892 267 942 inexteriorem
275 898 303 942 et
312 890 471 941 referuntur
481 892 509 940 in
525 905 661 941 summum
671 891 706 941 ad
728 889 870 941 orbiculos

63 958 216 1023 secundos,
230 960 342 1010 traiecti
357 959 476 1009 redeunt
493 957 528 1007 ad
547 959 644 1021 imum3
663 973 706 1009 ⁴en
722 958 778 1008 imo
798 956 870 1008 refe-

62 1032 163 1077 runtur
177 1027 212 1077 ad
224 1033 317 1093 caput,
333 1034 362 1078 et
374 1026 486 1077 traiecti
499 1039 550 1092 per
563 1040 686 1076 summos
704 1026 823 1076 redeunt
836 1025 871 1075 ad

62 1092 219 1154 machinam
233 1095 324 1144 imam.
360 1094 391 1144 ln
404 1094 499 1145 radice
515 1100 609 1144 autem
623 1092 768 1145 machinae
783 1093 871 1145 collo·

63 1169 144 1214 catur
162 1162 247 1212 tertia
264 1161 404 1226 trochlea3
425 1177 485 1212 eam
505 1166 599 1211 autem
610 1161 712 1212 Graeci
732 1157 870 1225 ἐπάγοντα,

63 1231 155 1281 nostri
171 1237 341 1281 artemonem
357 1229 506 1347 appellant.
543 1228 721 1280 Eatroohlea
734 1228 872 1297 religatur

63 1298 99 1348 ad
108 1296 253 1348 machinae
264 1299 387 1350 radicem
418 1298 503 1348 abens
514 1297 656 1348 orbiculos
666 1304 791 1364 tres,per
801 1311 870 1364 quos

62 1366 176 1418 traiecti
186 1367 267 1417 funes
277 1366 424 1416 traduntur
433 1363 592 1416 hominibus
603 1364 810 1417 adducendum.
829 1365 872 1416 lta

63 1441 123 1485 tres
136 1433 248 1484 ordines
264 1431 406 1485 hominum
417 1433 550 1485 ducentes
561 1435 622 1484 sine
634 1441 732 1502 ergata
742 1434 873 1486 celeriter

63 1518 135 1553 onus
146 1501 181 1552 ad
192 1517 326 1552 summum
336 1502 499 1569 perducunt.
536 1504 577 1554 1⁰.
595 1502 660 1553 Hoc
670 1517 759 1570 genus
769 1500 872 1553 machi-

63 1585 116 1622 nae
127 1569 310 1637 polyspaston
321 1571 483 1689 appellatur,
495 1571 569 1638 quod
578 1570 673 1622 multis
684 1571 873 1623 orbiculorum

64 1638 277 1690 circuitionibus
290 1644 319 1689 et
346 1639 497 1690 aeilitatem
508 1654 643 1690 summam
653 1644 780 1706 praestat
790 1645 819 1690 et
829 1654 871 1689 ce-

63 1707 213 1757 leritatem.
249 1707 310 1758 Una
324 1713 416 1758 autem
430 1708 548 1758 statutio
562 1707 634 1774 tigni
645 1704 716 1757 hanc
726 1705 811 1758 habet
820 1707 872 1757 uti·

65 1776 188 1836 litatem,
200 1774 274 1842 quod
285 1781 348 1825 ante
360 1780 491 1841 quantum
501 1774 570 1825 velit
579 1789 596 1823 a
606 1774 706 1825 dextra
715 1789 748 1825 ac
758 1775 873 1825 sinistra

63 1843 100 1893 ad
114 1842 203 1892 latera
218 1841 383 1893 declinando
396 1858 465 1893 onus
477 1841 617 1909 deponere
628 1847 730 1909 potest.
765 1842 872 1893 Harum

64 1909 301 1962 machinationum
313 1911 447 1972 omnium,
463 1924 533 1977 quae
544 1910 772 1976 suprascriptae,
787 1911 871 1960 ratio-

64 1993 114 2030 nes
129 1992 185 2029 non
202 1978 285 2029 modo
301 1978 336 2028 ad
350 1976 400 2028 has
415 1992 460 2028 res
472 1977 522 2028 sed
537 1977 622 2026 etiam
632 1977 667 2028 ad
678 1978 834 2029 onerandas
845 1985 874 2029 et

64 2046 257 2098 exonerandas
268 2060 352 2096 naves
363 2052 427 2096 sunt
436 2051 564 2113 paratae,
577 2044 649 2096 aliae
660 2052 787 2110 erectae,
799 2047 870 2096 aliae

63 2114 163 2184 planae
184 2114 213 2164 in
233 2111 385 2165 carchesiis
405 2113 584 2165 versatilibus
606 2113 772 2165 collocatae.
808 2113 870 2165 Non

63 2184 154 2235 minus
170 2183 231 2232 sine
246 2182 387 2249 tignorum
398 2180 586 2232 erectionibus
596 2181 625 2232 in
635 2181 719 2249 plano
731 2183 815 2232 etiam
827 2197 871 2232 ea-

64 2253 128 2303 dem
142 2250 252 2301 ratione
268 2255 297 2300 et
311 2250 473 2317 temperatis
489 2248 602 2299 funibus
616 2258 645 2300 et
658 2248 794 2301 trochleis
809 2249 871 2301 sub-

63 2319 212 2371 ductiones
234 2319 344 2368 narium
366 2319 531 2369 efficiuntur.
568 2318 608 2369 ll.
627 2315 691 2369 Non
713 2324 757 2369 est
779 2324 870 2369 autem

64 2388 187 2440 alienum
204 2387 288 2437 etiam
307 2384 520 2452 Chersiphronis
539 2386 716 2452 ingeniosam
734 2388 870 2437 rationem

63 2469 213 2524 exponere.
248 2453 275 2504 ls
293 2454 366 2504 enim
381 2469 480 2522 scapos
497 2452 687 2504 columnarum
702 2468 737 2506 ex
746 2454 872 2522 lapidici-

63 2525 106 2575 nis
123 2538 184 2574 oum
200 2523 349 2590 deportare
359 2522 446 2573 vellet
454 2519 594 2588 Ephesum
604 2522 640 2573 ad
648 2520 757 2573 Dianae
767 2522 872 2586 fanum,

62 2591 401 2660 proptermagnitudinem
412 2605 526 2641 onerum
537 2596 566 2640 et
574 2589 680 2640 riarum
690 2598 871 2659 campestrem

63 2659 282 2722 mollitudinem,
301 2673 356 2709 nun
371 2659 493 2709 confisus
507 2659 608 2720 carris,
624 2665 746 2711 nerotae
758 2661 871 2711 devora-

65 2734 175 2790 rentur,
187 2727 228 2778 sic
244 2735 286 2778 est
297 2733 422 2777 conatus.
458 2726 501 2777 De
512 2727 629 2776 materia
638 2729 762 2779 trientali
772 2745 872 2795 scapos
