2054 3090
113 193 158 241 122
314 190 367 242 DE
393 191 710 243 ARCHITECTURA

110 309 215 343 rusorum
240 291 442 344 vehementiam
464 294 621 358 paratiores
645 300 721 354 sunt,
747 293 911 358 magnisque

110 362 257 411 virtutibus
279 358 368 426 [sunt]
392 361 451 410 sine
470 362 586 421 timore,
607 360 657 410 sed
674 360 807 410 tarditate
827 359 911 409 animi

109 430 168 477 sine
179 428 387 478 considerantia
396 429 548 489 irruentes,
560 427 760 488 sinesolertia
775 427 835 477 suis
846 442 910 477 cou-

109 497 180 544 slliis
194 495 378 561 refragantur.
415 495 480 543 Cum
497 509 565 560 ergo
578 494 612 544 ab
622 500 721 544 natura
735 508 829 544 rerum
841 492 910 543 haec

112 565 149 612 ita
165 564 221 612 sint
239 564 267 611 in
283 562 384 612 mundo
396 562 548 622 collocata,
563 568 594 611 ut
608 576 703 611 omnes
719 562 849 611 nationes
865 562 912 609 im-

83 649 88 657 ·
111 630 261 678 rsrrrderatis
280 630 460 678 mixtionibus
477 629 533 678 sint
548 629 719 693 disparatae,
740 642 823 679 veros
838 629 913 678 inter

111 698 228 760 spatium
243 697 329 745 totius
349 697 425 744 orbis
446 704 581 745 terrarum
600 696 801 761 regionumque
819 696 912 745 medio

111 763 202 811 mundi
223 763 341 826 populns
361 778 490 812 ronranus
510 762 637 827 possidet
655 762 733 812 fines.
770 764 811 811 11.
830 761 912 812 Nam-

111 846 163 895 que
180 831 429 907 temperatissimae
446 829 480 878 ad
494 835 638 893 utramque
653 835 759 893 partem
775 837 805 878 et
814 843 912 894 corpo·

111 913 170 946 rum
185 896 314 945 membris
330 898 538 961 animorumque
552 896 696 962 rigoribus
709 910 759 960 pro
770 895 912 946 fortitudi-

111 979 144 1013 ne
155 971 219 1013 sunt
229 965 256 1012 in
267 963 348 1013 ltalia
359 970 465 1029 gentes.
503 963 739 1022 Quemadmodum
755 963 828 1012 enim
838 963 913 1013 lovis

112 1030 194 1080 stella
206 1032 280 1080 inter
292 1030 392 1079 Martis
406 1028 639 1080 ferventissimam
659 1036 688 1080 et
702 1028 813 1080 Saturni
833 1028 913 1096 frigi-

113 1098 253 1147 dissimam
264 1097 356 1147 media
367 1112 479 1146 currens
491 1103 674 1162 temperatur,
691 1096 789 1146 eadem
803 1098 913 1147 ratione

112 1165 193 1214 ltalia
204 1166 276 1215 inter
286 1164 530 1230 septentrionalem
541 1164 777 1243 meridianamque
789 1164 824 1214 ab
839 1170 913 1214 utra-

112 1247 165 1297 uqe
180 1239 258 1297 parte
274 1232 454 1281 mixtionibus
469 1237 636 1296 temperatas
653 1237 682 1281 et
695 1231 814 1281 invictas
829 1229 914 1281 habet

112 1298 218 1349 laudes.
254 1298 296 1348 lta
317 1314 350 1348 ue
370 1298 500 1364 refringit
514 1298 695 1348 barbarorum
710 1298 829 1348 virtutes
845 1297 912 1348 forti

111 1379 205 1425 nranu,
232 1380 309 1414 consi
303 1365 358 1414 'iis
382 1365 598 1416 meridianorum
627 1365 825 1431 cogitationes.
870 1364 911 1416 lta

113 1432 206 1482 divina
219 1446 296 1481 mens
312 1432 451 1481 civitatem
466 1433 563 1498 populi
582 1433 690 1483 romani
710 1433 827 1499 egregia
844 1439 913 1484 tem-

112 1504 263 1577 parataque
275 1498 392 1564 regione
404 1499 566 1563 collocavit,
580 1501 623 1550 uti
632 1499 708 1550 orbis
716 1501 872 1550 terrarum'
864 1515 913 1550 rm-

112 1581 190 1631 perro
205 1565 351 1630 potiretur
388 1568 428 1615 12.
450 1566 558 1625 Quodsi
573 1567 614 1617 rta
627 1572 683 1628 est
703 1567 743 1616 uti
761 1566 914 1618 dissimiles

110 1633 242 1699 regiones
262 1632 295 1682 ab
314 1632 540 1684 inclinationibus
561 1633 633 1684 coeli
652 1634 737 1684 variis
763 1634 914 1700 generibus

111 1701 166 1751 sint
176 1706 366 1765 comparatae,
383 1707 411 1751 et
421 1707 451 1751 ut
461 1702 544 1751 etiam
558 1708 673 1751 naturae
684 1701 806 1767 gentium
822 1702 913 1767 dispa-

110 1769 187 1818 ribus
198 1768 296 1818 animis
307 1775 490 1834 etcorporum
506 1768 602 1834 figuris
618 1767 853 1833 qualitatibusque
867 1784 913 1819 na-

111 1843 266 1897 scerentur,
290 1851 345 1886 nen
361 1835 517 1886 dubitemus
536 1835 726 1886 aedificiorum
741 1850 851 1901 quoque
871 1851 914 1886 ra-

111 1905 202 1954 tiones
231 1903 266 1953 ad
284 1904 426 1953 nationum
445 1903 623 1969 gentiumque
643 1903 829 1968 proprietates
849 1909 913 1968 apte

112 1971 293 2032 distribuere,
309 1986 369 2021 cum
380 1969 530 2021 habeamus
541 1970 575 2019 ab
585 1971 647 2035 ipsa
656 1984 747 2019 rerum
760 1976 859 2020 natura
869 1985 914 2020 so-

110 2038 207 2089 lertem
220 2045 249 2089 et
259 2038 414 2104 expeditam
434 2038 672 2087 monstrationem.

162 2140 262 2201 Quoad
280 2139 359 2206 potui
381 2154 487 2189 summa
503 2137 613 2188 ratione
632 2138 819 2204 proprietates
837 2137 914 2189 loco·

111 2220 171 2256 rum
201 2206 234 2256 ab
262 2213 362 2257 natura
384 2221 477 2255 rerum
506 2204 658 2270 dispositas
682 2205 914 2268 animadvertere,

32 2302 34 2307 >
111 2273 242 2338 exposui,
258 2279 286 2323 et
304 2272 534 2339 quemadmodum
554 2271 589 2322 ad
608 2272 676 2322 solis
696 2287 806 2323 cursum
826 2273 880 2323 et
871 2288 913 2323 ιιι-

112 2341 277 2391 clinationes
294 2340 367 2391 coeli
383 2345 513 2406 oporteat
527 2339 561 2388 ad
582 2340 706 2420 gentium
725 2340 828 2407 figuras
849 2353 915 2390 con·

111 2413 228 2460 stituere
244 2409 434 2458 aedificiorum
449 2406 611 2486 qualitates,
628 2406 694 2457 dixi
730 2406 827 2473 ltaque
842 2423 914 2458 nunc

111 2477 283 2558 singulorum
300 2490 433 2542 generum
452 2475 480 2524 in
500 2474 635 2524 aedificiis
651 2489 825 2524 commensus
841 2491 910 2542 sym

111 2546 270 2595 metriarum
291 2550 319 2594 et
340 2543 486 2592 universes
508 2547 536 2591 et
559 2548 703 2607 separatos
722 2541 846 2592 breviter
869 2557 904 2594 ex

112 2611 230 2676 plicabo.
