2054 3090
244 184 372 237 LIBER
388 184 441 238 lx.
470 185 554 239 GAP.
574 185 659 240 v111.
805 191 854 240 ΖΜ

56 295 127 351 tuns,
161 286 296 354 Scopinas
320 286 501 354 Syracusius;
534 284 598 354 πρὸς
625 285 657 338 τὰ
684 285 854 356 ἱστορούμενα

56 356 234 407 Parmenion:
253 352 318 420 πρὸς
331 356 382 403 πᾶν
397 355 474 419 slepa
488 352 666 408 Theodosius
680 363 709 408 et
717 357 853 409 Andreas:

56 422 201 474 Patrocles
215 422 380 486 Pelecinon,
393 421 609 490 Dionysodorus
620 439 729 488 conum,
743 425 855 491 Apollo-

57 491 119 542 nius
129 489 304 541 Pheretram:
325 489 434 558 aliaque
449 505 553 558 genera
567 492 653 559 etqui
667 493 855 559 suprascripti

57 551 856 625 suntetaliipluresinventareliq'uerunt,uticonarehenen

57 631 195 689 conatum,
205 621 361 691 plinthium,
373 625 571 677 antiboraeum.
599 627 667 678 ltem
678 625 763 679 exhis
774 641 856 694 gene-

56 692 133 744 ribus
147 693 267 743 viatoria
279 692 399 758 pensilia
412 693 454 744 uti
469 693 669 760 fierentplures
679 694 856 761 scriptareli-

57 766 188 827 querunt:
204 774 239 811 ex
252 774 368 826 quorum
381 760 462 812 libris
472 762 500 827 si·
510 763 571 829 quis
581 762 651 813 velit
667 762 856 813 subiectiones

55 828 856 894 invenire,poterit3dummodosciatanalemmatosdescri-

55 896 176 964 ptiones.
202 897 227 945 2.
244 895 313 946 ltem
323 902 387 946 sunt
397 910 432 947 ex
441 910 512 962 aqua
522 898 695 963 conquisitae
706 898 740 947 ab
751 896 855 947 eisdem

56 962 240 1028 scriptoribus
258 960 471 1031 horologiorum
489 966 638 1030 rationes,¹
651 965 823 1031 primumque
840 979 856 1013 a

58 1030 181 1081 Ctesibio
191 1029 392 1092 Alexandrino,
404 1032 450 1097 qui
460 1032 543 1082 etiam
555 1032 694 1098 spiritales
704 1031 856 1098 pneumati-

58 1113 159 1163 casque
169 1111 214 1149 res
224 1099 337 1148 invenit.
374 1097 430 1150 Sed
439 1099 480 1148 uti
489 1097 593 1150 fuerint
603 1114 637 1150 ea
648 1099 799 1165 exquisita,
816 1098 855 1148 di-

57 1165 277 1234 gnumstudiosis
285 1163 349 1232 [est]
358 1180 519 1233 agnoscere.
543 1165 856 1218 Ctesibiusenimfuerat

56 1233 239 1285 Alexandriae
253 1239 334 1283 natus
344 1241 422 1300 patre
433 1239 561 1284 tonsore:
581 1235 606 1285 is
615 1235 728 1301 ingenio
741 1233 856 1285 etindu-

57 1301 127 1353 stria
135 1306 355 1368 magnapraeter
364 1301 487 1367 reliquos
498 1302 648 1365 excellens,
659 1301 750 1353 dictus
762 1308 806 1353 est
815 1317 856 1352 ar-

57 1368 185 1420 tificiosis
208 1368 291 1419 rebus
306 1382 336 1419 se
351 1367 500 1419 delectare.
520 1368 659 1437 ‘Namque
680 1386 740 1421 cum
753 1371 856 1422 voluis-

57 1443 101 1487 set
118 1437 146 1486 in
163 1435 279 1485 taberna
292 1436 335 1486 sui
351 1437 439 1502 patris
457 1437 597 1503 speculum
614 1439 654 1488 ita
667 1437 798 1505 pendere,
816 1444 855 1499 ut,

59 1519 120 1554 cum
135 1503 284 1553 duceretur
294 1519 456 1570 sursumque
466 1505 660 1568 reduceretur,
675 1505 750 1556 linea
765 1506 857 1556 latens

57 1571 165 1639 pondus
177 1571 335 1635 deduceret,
345 1572 385 1622 ita
395 1572 545 1624 collocarit
554 1571 795 1624 machinationem.
830 1573 855 1622 3.

57 1638 187 1689 canalem
194 1638 315 1706 ligneum
326 1639 376 1690 sub
383 1640 462 1707 tigno
470 1641 539 1703 lixit,
546 1641 641 1708 ibique
650 1638 791 1692 trochleas
800 1639 856 1691 col·

57 1707 172 1769 locavit3
187 1721 236 1773 per
246 1707 369 1768 canalem
379 1707 480 1758 lineam
490 1710 519 1759 in
530 1709 660 1776 angulum
671 1709 795 1770 deduxit,
804 1707 855 1757 ibi·
905 1744 910 1754 .

57 1789 110 1841 que
125 1773 237 1825 tubulos
253 1775 364 1826 struxit:
386 1776 415 1825 in
429 1790 478 1826 eos
493 1776 576 1842 pilam
591 1775 747 1841 plumbeam
761 1790 810 1842 per
823 1775 855 1824 li-

56 1857 136 1893 neam
151 1841 347 1892 demittendam
363 1843 477 1893 curavit.
512 1843 554 1893 lta
565 1842 674 1910 pondus
688 1858 749 1894 cum
760 1841 856 1892 decur-

56 1908 142 1962 rendo
156 1910 184 1959 in
196 1910 337 1975 angustias
348 1909 510 1960 tubulorum·
522 1915 662 1975 premeret
671 1909 744 1961 coeli
754 1909 855 1960 crebri-

56 1984 154 2037 tatem,
177 1974 334 2027 vehementi
353 1977 472 2027 decursu
490 1992 539 2043 per
558 1976 653 2027 lauces
671 1977 855 2044 frequentiam

57 2044 131 2095 coeli
150 2044 356 2111 compressione
377 2044 524 2096 solidatam
547 2044 696 2095 extrudens
715 2046 743 2095 in
762 2047 854 2095 aerem

56 2117 196 2178 patentem
207 2110 362 2163 offensione
372 2118 400 2162 et
411 2118 487 2163 tactu
497 2113 604 2162 sonitus
616 2119 792 2178 expresserat
801 2113 855 2163 cla·

56 2181 175 2230 ritatem.
209 2179 235 2231 4.
253 2180 329 2247 Ergo
340 2179 479 2232 Ctesibius
489 2195 550 2230 cum
561 2180 809 2245 animadvertisset,
820 2195 855 2231 ex

56 2254 132 2298 tactu
149 2246 222 2297 coeli
242 2252 271 2297 et
289 2248 514 2327 expressionibus
532 2248 644 2314 spiritus
664 2262 748 2298 voces
773 2245 852 2314 [que]

56 2315 141 2375 nasci,
155 2311 200 2365 his
214 2315 357 2380 prineipris
371 2331 437 2366 usus
452 2314 630 2381 hydraulicas
644 2313 786 2366 machinas
801 2317 854 2380 pri-

55 2398 114 2431 mus
124 2382 264 2432 instruxit.
290 2382 359 2433 ltem
369 2397 500 2448 aquarum
511 2383 690 2448 expressione
701 2387 854 2432 automato-

56 2450 171 2514 poeetas
183 2446 324 2500 machinas
331 2448 472 2515 multaque
483 2450 644 2500 deliciarum
652 2463 764 2517 genera,
772 2450 801 2498 in
812 2446 854 2498 his

55 2513 853 2585 etiarnhorologiorumexaquacomparationesexplicuit.

56 2583 231 2652 Primumque
237 2584 382 2636 constituit
388 2599 483 2635 carum
489 2599 524 2637 ex
536 2582 855 2650 auroperfeetumautex

57 2665 165 2718 gemma
183 2653 337 2718 terebrata3
361 2666 394 2703 ea
413 2652 486 2703 enim
504 2667 557 2703 neo
574 2657 702 2703 teruntur
720 2664 855 2718 percussu

55 2714 696 2790 aquaenee‘sordesrecipiunt,utobturentur.
730 2717 756 2773 5.
774 2716 856 2771 Nam·
