2054 3090
342 182 466 235 LlBER
483 185 519 236 ll.
548 185 631 236 CAP.
650 185 671 237 l.
879 188 907 238 31

108 285 260 347 sustinere,
271 283 386 351 fastigia
396 284 531 337 facientes
542 286 601 337 luto
613 286 736 349 inducto,
748 288 910 353 proclinatis

108 352 189 403 tectis
204 351 351 402 stillicidia
365 353 547 403 deducebant.
581 353 606 404 4.
626 353 704 403 llaec
714 360 806 404 autem
817 370 852 405 cx
865 356 909 418 iis,

109 433 179 486 quae
197 420 415 484 suprascriptae
430 425 506 482 sunt,
525 420 679 486 originibus
692 421 821 471 instituta
838 436 910 484 esse,

109 501 256 553 possumus
267 487 309 537 sic
319 487 552 549 animadvertere,
568 487 643 554 quod
652 486 688 537 ad
699 485 771 538 hunc
782 488 855 538 diem
865 504 910 538 na-

109 552 232 604 tionibus
248 553 352 604 exteris
363 568 399 605 ex
408 552 451 604 his
462 554 545 604 rebus
554 554 683 604 aedificia
697 556 910 618 constituuntur,

110 627 139 671 ut
151 621 181 669 in
192 619 297 682 Gallia,
308 621 457 686 Hispania,
468 620 627 683 Lusitania,
638 622 786 688 Aquitania
796 623 911 673 scandu-

109 688 144 737 lis
154 686 296 737 robusteis
307 693 356 738 aut
364 688 532 738 stramentis.
553 688 632 755 Apud
642 690 782 739 nationem
794 688 911 741 Colcho·

108 769 169 804 rum
182 754 211 802 in
222 753 313 805 Ponto
327 760 442 820 propter
455 754 586 805 silvarum
600 755 794 807 abundantiam
806 757 911 807 arbori·

107 820 161 872 bus
176 821 317 886 perpetuis
332 821 421 887 planis
437 821 535 872 dextra
548 837 580 873 ac
591 823 705 873 sinistra
714 823 741 873 in
752 831 827 874 terra
837 826 910 890 posi-

109 888 159 950 tis,
173 889 263 952 spatio
277 889 351 938 inter
365 901 413 938 eas
427 888 526 939 relicto
537 895 640 955 quanto
651 889 780 940 arborum
790 891 910 958 longitu-

110 954 189 1005 dines
208 954 361 1021 patiuntur,
384 955 568 1006 collocantur:
591 957 619 1006 in
637 959 768 1008 extremis
785 958 910 1023 partibus

109 1036 204 1072 earum
216 1036 299 1088 supra
309 1022 414 1072 alterae
422 1027 605 1085 transversae,
611 1039 681 1090 quae
693 1025 911 1074 circumcludunt

109 1087 231 1139 medium
245 1089 364 1155 spatium
376 1087 568 1139 habitationis:
586 1094 652 1141 tunc
665 1091 778 1155 insuper
796 1091 909 1139 alternis

109 1155 234 1207 trabibus
246 1170 282 1207 ex
291 1162 409 1222 quatuor
419 1155 542 1222 partibus
553 1155 670 1223 angulos
679 1157 909 1222 iugamentantes,

110 1229 138 1274 et
151 1223 192 1273 ita
204 1224 327 1289 parietas
341 1223 488 1273 arboribus
505 1227 660 1273 statuentes
678 1222 712 1272 ad
731 1223 909 1288 perpendicu-

110 1291 167 1342 lum
174 1291 300 1352 imarum,
309 1290 431 1341 educunt
440 1289 475 1340 ad
486 1289 660 1339 altitudinem
671 1295 771 1350 turres,
779 1290 909 1340 interval-

109 1358 204 1425 laque,
220 1373 290 1424 quae
301 1356 493 1424 relinquuntur
502 1363 616 1422 propter
629 1357 840 1408 erassitudinem
853 1372 909 1407 ma-

109 1425 211 1487 teriae,
230 1423 345 1476 schidiis
360 1432 389 1475 et
403 1425 460 1475 luto
475 1423 630 1475 obstruunt.
665 1425 734 1475 Item
748 1432 824 1475 tecta
839 1426 908 1475 rcci-

110 1492 209 1544 dentes
223 1492 258 1542 ad
272 1497 412 1543 extremos
426 1491 543 1558 angulos
559 1498 681 1543 transtra
694 1493 835 1543 traiieiunt
848 1506 908 1558 gra-

110 1559 196 1610 datim
215 1557 424 1620 contrahentes,
444 1565 472 1608 et
488 1558 529 1609 ita
545 1574 580 1610 ex
597 1565 716 1626 quatuor
732 1560 855 1626 partibus
873 1559 907 1608 ad

110 1627 284 1677 altitudinem
298 1625 419 1676 educunt
433 1625 525 1676 medio
536 1632 637 1688 motas,
652 1642 720 1693 quas
731 1633 759 1677 et
768 1626 866 1676 fronde
881 1632 909 1675 et

109 1695 169 1744 luto
189 1698 317 1760 tegentes
337 1692 460 1743 efficiunt
477 1692 623 1745 barbarico
641 1708 718 1744 more
737 1693 909 1744 testudinata

110 1762 225 1812 turrium
242 1766 325 1811 tecta.
361 1759 386 1810 5.
405 1757 532 1826 Phryges
545 1776 625 1823 vero,
644 1762 690 1828 qni
708 1759 908 1827 campestrihus

110 1828 180 1879 locis
190 1825 548 1894 sunthabitantes,propter
556 1829 677 1893 inopiam
686 1828 816 1879 silvarum
825 1840 906 1892 egen·

109 1903 153 1946 tes
166 1893 295 1956 materia,
310 1894 418 1974 eligunt
430 1894 551 1945 tumulos
566 1896 718 1957 naturales,
734 1909 838 1960 eosque
853 1908 907 1943 me-

110 1963 172 2014 dios
191 1961 303 2014 fossura
322 1962 524 2023 exinanientes,
545 1967 574 2012 et
587 1963 688 2012 itinera
708 1960 907 2027 perfodientes,

110 2031 229 2081 dilatant
241 2029 343 2095 spatia,
358 2034 488 2095 quantum
503 2035 601 2078 natura
615 2029 670 2078 loci
683 2029 796 2093 patitur.
831 2027 906 2076 lnsu·

109 2112 159 2164 per
169 2103 260 2148 autem
270 2096 380 2161 stipites
392 2096 466 2146 inter
476 2110 506 2145 se
515 2094 666 2160 religantes
677 2101 765 2145 nretas
776 2094 906 2156 efficiunt,

109 2179 177 2232 quas
193 2162 372 2214 arundinibus
384 2168 412 2213 et
421 2162 580 2213 stramentis
593 2167 722 2228 tegentes
736 2170 907 2228 exaggerant

109 2247 194 2297 supra
202 2229 389 2280 habitationes
400 2229 535 2279 maximos
546 2243 658 2308 grumos
670 2244 684 2279 e
694 2235 780 2280 terra:
798 2231 839 2279 ita
850 2227 906 2278 hie-

109 2313 167 2349 mes
178 2297 376 2358 calidissimas,
391 2301 512 2346 aestates
523 2293 720 2362 frigidissimas
731 2298 854 2347 efficiunt
866 2302 906 2345 te-

109 2373 217 2417 ctorum
230 2364 364 2414 rationes.
400 2361 531 2413 Nonnulli
546 2377 581 2413 ex
590 2363 654 2412 ulva
664 2364 781 2430 palustri
795 2378 905 2427 compo-

109 2441 176 2484 nunt
188 2430 300 2498 tuguria
313 2435 397 2481 tecta.
431 2429 509 2494 Apud
524 2436 632 2480 ceteras
646 2446 755 2498 quoque
767 2438 864 2497 gentes
879 2438 907 2479 et

109 2499 242 2550 nonnulla
255 2497 318 2547 loca
330 2498 391 2562 pari
405 2496 544 2613 similiffiue
559 2497 667 2548 ratione
682 2514 807 2549 casarum
826 2495 906 2562 perfi-

107 2568 217 2618 ciuntur
230 2564 454 2614 constitutiones.
517 2580 552 2613 on
566 2564 654 2614 nrinus
666 2566 749 2616 etiam
762 2563 906 2614 Massiliae

107 2632 329 2684 animadvertere
347 2645 495 2695 possumus
515 2631 574 2681 sine
594 2631 696 2697 tegulis
716 2631 831 2681 subacta
845 2647 905 2681 cum

106 2700 194 2769 paleis
217 2706 294 2749 terra
316 2702 399 2748 tecta.
435 2695 548 2748 Athenis
570 2699 709 2767 Areopagi
734 2699 906 2767 antiquitatis
