2054 3090
333 216 458 268 LIBER
473 217 510 269 11.
539 216 624 267 CAP.
642 215 693 267 Vl.
880 213 913 264 39

107 323 152 364 tur
171 312 356 366 dissimilibus
374 324 402 369 et
421 318 578 384 disparibus
594 318 677 368 rebus
693 316 829 381 correptis
844 323 872 366 et
885 316 912 364 in

108 395 192 431 unam
204 387 375 447 potestatem
389 386 512 447 collatis,
528 385 620 436 calida
634 383 757 434 humoris
772 384 913 443 ieiunitas,

108 455 302 514 aquarepente
313 451 424 515 satiata,
440 452 631 504 communibus
642 451 805 517 corporibus
816 450 913 500 latenti
982 455 986 463 '

111 514 914 579 caloreconfervescit,etvehementerefficiteacoire,ce-

109 582 264 649 leriterque
274 585 487 638 unasoliditatis
497 588 641 653 percipere
654 588 790 636 virtutem.
822 584 915 634 Relin-

111 655 214 716 quetur
226 650 410 714 desideratio,
426 656 554 719 quoniam
568 655 607 705 ita
621 655 722 704 suntin
733 653 868 703 Hetiuria
882 666 917 702 ex

111 731 185 782 aqua
198 717 291 767 calida
305 719 395 769 crebri
410 719 515 783 fontes,
530 721 596 788 quid
609 722 649 771 ita
659 736 713 771 non
725 721 809 771 etiam
821 720 860 769 ibi
870 734 915 768 na-

112 784 201 834 scitur
210 784 311 849 pulvis,
320 801 335 836 e
347 801 401 852 quo
413 787 510 838 eadem
519 789 628 839 ratione
638 788 688 838 sub
698 804 769 854 aqua
777 793 916 838 structura

111 850 281 902 solidescatl
292 852 387 920 ltaque
395 855 483 905 visum
492 861 543 916 est,
553 861 700 920 antequam
709 855 917 905 desideraretur

113 918 146 968 de
158 916 202 968 bis
212 918 305 980 robus,
316 922 546 986 quemadmodum
556 936 618 972 esse
629 923 784 983 rideantur,
796 935 915 985 expone-

111 999 150 1034 re.
186 983 212 1034 5.
233 984 366 1039 Omnibus
382 988 452 1039 locis
468 995 496 1039 et
510 989 673 1055 regionibus
688 1004 742 1039 non
758 988 856 1038 eadeni
870 1001 916 1052 ge-

111 1066 179 1102 nera
187 1058 281 1102 terrae
292 1068 343 1104 nec
353 1054 460 1121 lapides
472 1062 635 1117 nascuntur,
651 1056 700 1105 sed
710 1054 844 1105 nonnulla
854 1058 918 1103 sunt

111 1127 234 1182 terrosa,
250 1119 306 1171 alia
315 1121 460 1184 sabulosa,
475 1123 597 1187 itemque
608 1122 752 1188 glareosa,
768 1122 830 1170 aliis
846 1120 916 1169 locis

110 1202 231 1239 arenosa
243 1203 299 1238 non
308 1190 398 1239 minus
412 1191 541 1251 materia3
553 1195 582 1239 et
596 1189 707 1238 omnino
724 1188 853 1237 dissimili
863 1187 917 1235 dis-

110 1256 226 1320 parique
246 1269 348 1320 genere
365 1257 395 1306 in
411 1257 559 1323 regionum
572 1255 752 1305 varietatibus
768 1255 916 1320 qualitates

110 1324 208 1372 insunt
217 1322 247 1372 iii
257 1329 341 1374 terra.
376 1324 498 1374 Maxime
510 1328 600 1373 antem
611 1323 640 1372 id
651 1322 718 1372 licet
729 1322 917 1382 considerare,

110 1388 195 1455 quod,
202 1403 256 1454 qua
265 1404 344 1441 mons
350 1391 507 1456 Apenninus
517 1389 916 1458 regionesltaliaeHetruriae-

111 1472 164 1572 pue
182 1456 387 1536 circumcingit,
407 1473 493 1524 prope
514 1458 640 1509 omnibus
660 1458 731 1508 locis
746 1473 801 1507 non
817 1457 918 1507 desunt

124 1523 225 1574 ossitia
238 1538 385 1581 arenarios,
398 1531 473 1576 trans
487 1526 657 1590 Apenninum
672 1540 754 1587 vero,
769 1540 839 1590 quae
853 1538 917 1589 pars

112 1597 157 1640 est
180 1590 216 1640 ad
233 1591 405 1643 Adriaticum
425 1608 514 1655 mare,
538 1592 616 1643 nullo
638 1593 826 1643 inveniuntur:
850 1593 916 1641 item

113 1655 227 1719 Achaia,
245 1659 311 1710 Asia
328 1665 356 1710 et
375 1660 486 1710 omnino
507 1665 672 1710 transmare
688 1675 722 1710 ne
740 1661 918 1710 nominantur·

113 1724 233 1791 quidem.
269 1725 358 1792 lgitui·
371 1742 426 1776 non
440 1727 468 1776 in
484 1728 610 1778 omnibus
621 1727 704 1789 locis,
721 1727 820 1793 quibus
836 1724 916 1774 effer·

113 1799 177 1842 vent
187 1807 275 1858 aquae
287 1793 394 1843 calidae
406 1794 497 1844 crebri
506 1793 612 1856 fontes,
628 1794 741 1845 eaedem
757 1793 916 1859 opportuni-

113 1864 184 1909 tates
194 1866 312 1926 possunt
321 1861 451 1911 similiter
461 1876 636 1923 concurrere,
648 1862 698 1912 sed
709 1862 802 1910 onmia
816 1860 855 1909 uti
871 1874 916 1907 na-

111 1933 176 1976 tura
188 1941 281 1977 rerum
295 1928 453 1990 constituit,
469 1944 524 1978 non
540 1930 573 1979 ad
588 1929 758 1979 voluntatem
774 1926 915 1976 hominum

112 1993 162 2044 sed
173 1992 291 2044 fortuito
303 1994 446 2060 disparata
454 1994 754 2060 procreantur.li.llrgo
767 1993 865 2059 quibus
877 1992 915 2040 lo-

112 2061 154 2110 cis
173 2076 229 2111 non
246 2067 311 2113 sunt
328 2063 431 2112 terrosi
444 2069 567 2125 montes,
588 2061 637 2111 sed
652 2075 754 2126 genere
772 2059 915 2121 materiae,

112 2128 186 2193 ignis
194 2129 236 2178 vis
244 2142 294 2194 pei
303 2128 362 2180 eius
372 2145 456 2180 venas
466 2129 613 2196 egrediens
623 2128 714 2178 adurit
724 2142 793 2189 eam,
804 2134 832 2177 et
842 2126 915 2192 quod
994 2134 1003 2158 ³

112 2194 197 2245 niolle
208 2201 252 2246 est
266 2201 295 2246 et
308 2202 447 2258 tenerum,
462 2197 565 2258 exurit3
585 2195 659 2261 quod
674 2201 764 2245 antem
778 2209 914 2261 asperum,

113 2261 257 2327 relinquit:
275 2264 370 2329 itaque
385 2265 426 2314 nti
437 2265 465 2314 in
477 2263 627 2327 Campania
637 2270 736 2313 exusta
745 2269 821 2313 terra
835 2263 914 2322 cinis,

113 2329 154 2378 sic
164 2329 332 2380 inHetruria
342 2338 459 2382 excocta
468 2330 586 2380 materia
596 2330 714 2380 efficitur
722 2329 914 2381 carbunculus.

112 2395 234 2463 Utraque
245 2404 336 2447 autem
347 2405 411 2448 sunt
421 2397 535 2465 egregia
544 2397 573 2446 in
586 2398 744 2461 structuris3
760 2398 809 2448 sed
821 2397 876 2446 alia
886 2397 913 2445 in

112 2464 233 2514 terrenis
251 2465 400 2527 aedificiis,
419 2465 475 2514 alia
491 2465 575 2514 etiam
588 2464 616 2514 in
631 2466 777 2516 maritimis
794 2463 914 2513 niolibns

112 2528 217 2581 habent
225 2531 365 2583 virtutem.
401 2532 452 2583 Est
461 2537 553 2582 autem
564 2532 697 2582 materiae
707 2538 833 2598 potestas
847 2529 915 2579 mol-

112 2597 168 2648 lior
182 2612 265 2664 quani
277 2597 393 2665 tophus,
409 2599 528 2650 solidior
542 2614 623 2665 quam
633 2605 721 2661 terra;
741 2614 795 2664 qua
805 2597 914 2664 penitus

113 2665 147 2715 ab
160 2665 218 2716 imo
234 2664 411 2717 vehementia
427 2667 538 2733 vaporis
557 2667 668 2727 adusta,
686 2666 827 2716 nonnullis
844 2666 915 2716 locis

112 2733 914 2802 procreaturidgenusaienae‚quoddiciturcarbunculus.
