2054 3090
290 208 415 261 LIBER
433 210 465 262 V.
493 209 578 261 cAP.
597 210 647 261 lx.
819 208 867 259 loll

70 308 194 361 rumores
210 325 245 362 ex
258 307 389 362 membris
404 315 452 362 aer
466 311 614 380 exugendo
627 311 767 362 imminuit
777 310 865 376 pleni·

70 383 147 439 ates,
159 384 347 444 extenuatque
357 379 518 445 dissipando
529 378 602 446 quod
613 379 675 445 plus
685 380 771 438 inest,
782 392 864 445 quam

70 458 164 562 tos-qus
179 452 274 509 potest
288 445 436 496 sustinere.
472 445 496 497 6.
515 447 580 498 Hoc
593 452 686 497 autem
699 446 741 496 ita
754 459 817 496 esse
827 457 864 496 ex

70 525 96 561 so
126 511 185 561 ieet
206 511 440 575 animadvertere,
460 513 536 580 quod
554 513 605 564 sub
623 513 708 564 tectis
727 526 789 562 eum
808 511 866 562 sint

70 593 197 644 aquarium
211 577 304 629 fontes
322 580 467 630 autetiam
481 581 621 632 subterra
633 580 766 698 palustris
781 578 864 629 abun-

70 645 175 707 lontia,
187 660 222 695 ex
232 645 276 697 his
287 645 379 696 nullus
390 648 482 714 surgit
491 645 589 698 humor
599 663 634 698 ne
653 647 764 709 ulosus,
776 645 864 696 sedin
897 668 901 676 ·

70 713 166 777 ipriois
180 711 399 779 hypaethrisque
414 714 499 777 loeis,
517 731 580 766 ourn
593 714 638 765 sol
653 715 747 766 oriens
760 727 864 780 vapore

70 779 155 846 :angit
163 780 303 842 mundum,
322 794 357 831 ex
367 779 486 831 humidis
502 788 531 833 et
544 782 747 832 abundantibus
760 780 866 832 excitat

70 860 207 908 rumores,
224 848 344 898 etetiam
355 847 540 915 conglobatos
550 849 579 898 in
589 849 765 900 altitudinem
779 847 864 899 tollit.

70 913 139 979 Ergo
155 913 179 962 si
193 914 234 963 ita
246 914 370 976 videtur,
388 916 429 966 uti
445 916 475 965 in
488 914 652 982 hypaethris
665 915 737 966 loeis
751 914 785 965 ab
800 917 865 965 aere

70 981 463 1046 rumoresexeorporibusexu
483 988 564 1033 antur
572 982 762 1044 molestiores,
773 996 865 1049 quem-

70 1046 213 1098 admodum
228 1054 352 1099 exterra
365 996 545 1114 pernefiolas
564 1048 707 1110 videntur,
728 1063 783 1099 non
797 1053 864 1114 puto

70 1113 178 1163 lobium
192 1128 267 1176 esse,
288 1115 353 1181 quin
367 1115 552 1181 amplissimas
565 1122 595 1166 et
610 1115 803 1166 ornatissimas
814 1114 865 1164 sub

70 1180 130 1230 livo
145 1179 363 1248 hypaethrisque
378 1183 514 1234 collocari
525 1182 692 1248 oporteatin
706 1181 865 1232 civitatibus

70 1247 278 1298 ambulationes.
312 1250 338 1300 l.
357 1249 416 1300 Eae
431 1254 525 1300 autem
533 1250 576 1300 uti
586 1250 643 1301 sint
651 1262 762 1314 semper
772 1248 864 1299 macae

70 1320 93 1364 st
112 1329 168 1364 uon
187 1315 310 1378 lutosae,
330 1317 372 1367 sie
390 1317 446 1368 erit
462 1315 629 1367 iaciendum.
663 1315 819 1366 Fodiontur
838 1321 866 1365 et

70 1381 261 1434 exinaniantur
274 1398 356 1449 quam
370 1384 523 1446 altissime,
542 1383 684 1435 ethome
699 1397 733 1434 ao
752 1382 866 1434 sinistra

70 1449 207 1499 structiles
218 1450 332 1500 oloaeae
343 1451 423 1514 liant,
437 1452 521 1518 inque
531 1465 627 1502 eorum
635 1450 803 1518 parietibus,
816 1451 866 1518 qui

70 1514 100 1564 ad
120 1516 336 1567 ambulationem
358 1521 559 1584 spectaverint,
581 1518 672 1569 tubuli
692 1519 865 1570 instruantur

70 1582 193 1633 inclinati
210 1583 328 1651 fastigio
351 1585 380 1635 iu
403 1585 524 1637 oloaeas.
559 1586 613 1636 llis
632 1584 766 1652 perlectis
791 1600 864 1636 eom·

70 1649 236 1714 >leant-urea
246 1651 310 1701 loca
318 1651 501 1717 carbonibus3
518 1653 619 1704 deinde
629 1654 744 1719 insuper
753 1652 864 1703 sabulo·

70 1731 97 1766 ne
112 1730 163 1767 eae
174 1717 377 1770 ambulationes
391 1725 551 1770 sternantur
565 1726 593 1771 et
603 1726 805 1786 exaequentur:
824 1719 865 1773 ita

70 1783 178 1848 ¹›ropter
188 1785 339 1836 carbonum
348 1786 503 1838 naturalem
512 1785 863 1838 raritatemettubuloruss

74 1867 91 1900 n
104 1850 215 1902 cloaess
225 1852 439 1903 instruetionem
449 1855 513 1905 exoi
530 1855 625 1904 ientur
633 1867 767 1919 aquarum
780 1851 864 1902 abun-

70 1917 190 1980 lantiae,
206 1924 235 1968 et
247 1920 288 1970 ita
298 1918 392 1970 sieoae
408 1926 437 1971 et
452 1921 512 1972 sine
542 1934 638 1970 umore
648 1918 791 1986 perfectae
803 1917 863 1968 lue-

69 1985 118 2033 *int
128 1985 339 2039 ambulationes.
373 1987 398 2038 8.
416 1984 654 2039 Praetereainhis
664 1986 795 2051 operibus
804 1983 864 2036 the-

70 2052 140 2101 sauri
154 2059 219 2103 sunt
227 2051 393 2105 eivitatibns
406 2054 436 2104 in
448 2054 618 2105 neeessariis
632 2053 716 2104 rebus
726 2053 863 2103 amaiori-

70 2133 113 2168 sus
125 2120 281 2171 constituti:
290 2121 321 2170 in
331 2120 558 2172 oonelusionlbus
569 2120 642 2171 enim
650 2119 752 2186 reliqui
769 2134 863 2170 omnes
918 2174 928 2191 .

70 2183 210 2236 belliones
218 2193 283 2237 sunt
292 2195 442 2254 apparatus
450 2202 534 2254 quam
542 2187 693 2255 lignorum.
729 2185 777 2239 Sal
789 2188 862 2238 euim

70 2250 146 2302 ’aelle
157 2253 549 2320 anteimportaturelrurnenta
557 2253 668 2320 publiea
678 2254 863 2321 privatimque

70 2320 220 2384 expeditius
230 2327 429 2388 eongeruntur,
439 2328 469 2373 et
478 2320 502 2372 si
510 2321 614 2384 desint,
626 2320 759 2383 oleribus,
770 2336 863 2383 earne,

70 2400 112 2435 »eu
130 2386 317 2454 leguminibus
334 2387 505 2440 defenffihrrz
529 2402 619 2456 aquae
631 2387 752 2440 fossuris
765 2394 863 2454 puteo·
952 2432 954 2436 ,

70 2467 121 2502 um
134 2461 163 2504 et
178 2455 212 2506 de
227 2455 308 2506 coelo
321 2457 477 2521 repentinis
486 2455 699 2522 tempestatibus
710 2470 747 2506 ex
758 2454 863 2522 tegulis

70 2521 251 2586 excipiuntur:
269 2522 303 2573 (le
314 2523 479 2590 lignatione,
491 2538 562 2591 quae
571 2523 691 2574 maxime
701 2522 864 2573 necessaria

70 2594 105 2636 est
116 2589 150 2638 ad
163 2590 253 2639 eibum
270 2591 495 2656 exeoquendusn,
510 2589 633 2642 timeus
648 2595 678 2640 et
689 2589 810 2640 molesta
820 2595 863 2640 est

70 2658 219 2720 apparatio,
233 2657 310 2772 quod
320 2664 349 2708 et
358 2658 438 2709 tarde
446 2662 640 2724 comportatur
649 2662 679 2708 et
688 2657 750 2722 plus
764 2671 862 2707 eonsu-

70 2722 153 2773 nitur.
190 2722 214 2774 9.
248 2741 265 2773 n
279 2725 417 2776 eiusmodi
432 2724 605 2793 temporibus
618 2730 686 2776 tarne
705 2737 755 2775 sae
769 2724 862 2775 ambu-
