2054 3090
96 159 159 229 ‘224
309 177 363 229 os
383 174 706 228 serumserum

109 287 202 331 rentes
216 282 276 331 sine
293 295 438 347 operarum
453 279 607 341 calcatura,
623 280 711 346 ipsius
725 276 849 331 fluminis
861 277 910 330 im·

109 349 188 415 pulsu
206 356 347 411 versatae,
366 354 510 414 praestant
528 348 603 414 quod
623 363 692 413 opus
711 352 755 398 est
772 346 809 398 ad
823 362 909 399 usum.
948 366 950 375 ·

108 420 132 466 2.
152 416 256 466 Eadem
264 418 372 467 ratione
381 417 465 465 etiam
474 422 620 466 versantur
629 413 804 481 hydraletae‚
814 415 846 466 in
855 417 911 481 qui·

107 485 158 534 bus
179 483 276 534 eadem
295 490 358 534 sunt
377 484 483 545 omnia,
502 489 696 550 praeterquam
715 483 792 548 quod
810 482 841 533 in
860 497 911 534 uno

110 552 199 617 capite
215 552 274 602 axis
292 548 415 618 [babent]
435 557 596 617 tympanum
612 550 753 600 dentatum
768 556 814 600 cst
829 550 912 601 inclu-

110 636 178 670 sum.
214 619 245 669 ld
256 626 346 669 autem
358 617 393 668 ad
403 618 628 685 perpendiculum
640 617 810 684 collocatum
820 618 852 669 in
861 617 912 670 cul·

110 694 181 736 trum
191 693 318 736 versatur
329 702 390 737 cum
402 693 464 737 rota
474 688 591 753 pariter:
606 684 757 736 secundum
767 684 798 735 id
807 691 912 754 tympu-

109 769 173 803 num
186 754 286 814 maius,
301 755 368 804 item
383 754 537 816 dentatum,
552 753 662 821 planum
678 758 722 803 cst
734 751 911 815 collocatum,

110 837 163 887 quo
183 822 342 872 continetur
363 820 436 888 [axis
458 821 561 872 babens
580 821 610 871 in
620 835 726 871 summo
743 820 838 887 capite
856 821 913 872 sub·

110 889 222 939 scudem
238 888 370 951 ferream,
386 905 440 956 qua
453 889 528 939 mola
542 885 723 955 continetur]
760 887 805 938 lta
819 888 912 940 dentes

111 959 170 1007 cius
184 958 324 1024 tympani,
340 957 414 1023 quod
424 964 468 1007 est
477 958 506 1006 in
517 972 568 1007 axe
578 956 730 1018 inclusum,
744 955 912 1023 impellendo

110 1025 207 1076 dentes
220 1027 345 1092 tympani
358 1025 447 1091 plani,
460 1032 564 1091 cogunt
579 1024 639 1074 lieri
654 1023 790 1074 molarum
801 1024 913 1075 circina-

109 1094 226 1158 tionem3
236 1095 264 1143 in
273 1109 327 1160 qua
336 1092 631 1160 machinaimpendens
639 1090 848 1143 infundibulum
856 1091 913 1144 sub·

109 1162 246 1213 ministrat
254 1161 335 1211 molis
346 1160 523 1223 frumentum,
534 1168 563 1211 et
573 1159 671 1210 eadem
680 1160 844 1210 versatione
855 1159 912 1212 sub-

109 1230 196 1296 igitur
204 1229 304 1280 farina.

407 1325 542 1384 curor.
568 1328 616 1381 vr.
660 1392 664 1400 .

434 1396 512 1456 pugo
530 1395 587 1450 xr.)

139 1467 182 1519 De
200 1468 331 1519 cochlea
350 1483 595 1536 praemagnum
614 1466 739 1534 copiam
757 1461 895 1518 extollit

300 1570 402 1619 aquae
420 1554 473 1603 sed
488 1569 550 1602 nort
569 1560 632 1603 tam
650 1553 722 1602 alte.

161 1639 212 1689 list
231 1646 323 1688 autem
342 1639 424 1688 etiam
445 1636 578 1688 cochleae
597 1638 683 1698 ratio,
700 1651 771 1702 quae
786 1652 914 1705 magnam

109 1708 163 1757 vim
176 1707 378 1774 bauritaquae,
390 1706 439 1756 sed
451 1721 505 1756 uon
516 1711 571 1755 tam
582 1705 637 1756 alte
648 1704 737 1767 tollit,
749 1719 832 1772 quam
844 1712 914 1756 rota.

113 1776 178 1826 Eius
199 1782 292 1826 autem
311 1776 384 1825 ratio
404 1775 446 1825 sic
461 1774 615 1839 expeditur.
654 1773 773 1840 Tignum
788 1773 915 1836 sumitur,

107 1846 185 1895 cuius
196 1844 265 1911 tigni
277 1849 379 1911 quanta
388 1842 580 1908 fueritpedum
591 1842 638 1892 lon
660 1840 747 1903 itudo,
756 1845 838 1892 tanta
847 1841 916 1909 digi-

108 1920 199 1962 torum
214 1912 361 1978 expeditur
375 1910 541 1961 crassitudo.
576 1909 608 1960 ld
623 1856 659 1959 ad
672 1909 806 1959 circinum
819 1915 915 1960 rotun·

110 1981 202 2031 riatur:
220 1981 249 2029 in
263 1979 400 2046 capitibus
418 1979 522 2029 circino
539 1977 699 2028 dividuntur
716 1977 915 2028 circinationes

110 2064 204 2098 eorum
218 2047 385 2098 tetrantibus
398 2049 427 2098 in
443 2052 536 2113 partos
548 2053 667 2113 quatuor
677 2051 706 2095 et
716 2044 877 2096 octantibus
886 2044 915 2095 in

110 2123 202 2181 partes
218 2122 282 2166 octo
299 2113 403 2182 [ductis
417 2110 532 2180 lineis,]
547 2128 652 2180 eaeque
666 2113 756 2162 lineae
772 2112 815 2163 ita
828 2112 915 2164 collo·

110 2190 219 2244 centur,
236 2185 289 2244 uti,
307 2183 390 2249 plano
405 2183 497 2249 posito
514 2181 594 2248 tigno
609 2181 644 2231 ad
659 2181 795 2242 libellam,
814 2181 914 2232 utrius·

110 2267 162 2316 que
175 2252 272 2317 capitis
283 2251 374 2301 lineae
384 2251 458 2300 inter
468 2265 498 2300 se
508 2250 707 2316 respondeant:
718 2248 785 2299 item
794 2248 825 2298 in
834 2249 914 2316 tigno

108 2319 190 2383 plano
211 2319 350 2369 collocata
367 2318 458 2368 lineae
478 2318 511 2367 ab
531 2317 622 2384 capite
642 2317 676 2367 ad
696 2315 813 2367 alterum
833 2321 916 2384 caput

107 2386 294 2452 perducantur
302 2386 337 2436 ad
344 2384 572 2452 perpendiculum
580 2385 787 2446 convenientes,
797 2391 826 2436 et
833 2399 915 2452 quam

108 2469 209 2521 magna
218 2469 281 2520 pars
293 2453 331 2504 sit
340 2460 439 2504 octava
449 2453 639 2504 circinationis
649 2451 733 2519 tigni,
746 2458 804 2502 tam
813 2466 915 2521 magna

109 2523 199 2587 spatia
213 2521 372 2572 dividantur
384 2523 412 2572 in
431 2520 641 2590 longitudinem.
677 2519 724 2572 sie
739 2525 768 2570 et
781 2521 810 2570 in
819 2528 915 2572 rotun·

112 2590 224 2640 datione
242 2596 270 2641 et
284 2591 312 2639 in
324 2589 499 2657 longitudine
514 2589 642 2656 aequalia
657 2588 747 2654 spatia
760 2588 837 2640 fient.
872 2587 917 2639 lta

110 2673 164 2725 quo
180 2658 236 2709 loci
247 2657 441 2708 describuntur
449 2657 554 2720 lineae,
568 2662 714 2723 quae-sunt
723 2656 752 2706 in
761 2655 915 2725 longitudi-

108 2740 170 2777 nem
191 2733 363 2792 spectantes,
378 2724 523 2777 faciendae
539 2724 764 2789 decussationes‚
782 2725 855 2776 etin
868 2723 915 2777 de·
