2054 3090
264 161 392 215 LIBER
408 163 459 216 lX.
488 163 731 223 PRAEFATIO.
849 162 898 217 191

98 271 218 335 possunt
230 280 292 316 -non
309 266 338 316 in
358 267 416 317 suis
435 267 596 334 pectoribus
616 266 773 318 dedicatum
785 263 898 329 habere,

99 335 184 387 sicuti
197 333 327 396 deorum,
345 334 386 385 sic
396 335 477 385 Ennii
487 337 588 402 poetae
603 335 788 396 simulacrum.
822 335 900 386 Accii

98 409 191 454 autem
202 402 369 452 carminibus
380 403 426 469 qui
437 403 562 453 studiose
574 402 760 464 delectantur,
777 417 833 453 non
842 417 899 453 mo-

100 471 137 522 do
153 469 299 520 verborum
310 470 427 521 virtutes
441 471 585 521 sedetiam
600 470 717 538 liguram
731 470 792 520 eius
806 470 900 521 riden-

99 547 145 590 tur
173 552 267 588 secum
297 534 399 588 babere
427 543 611 603 praesentem.
648 539 687 589 lt.
707 538 776 588 ltem
806 539 900 605 plures

100 612 166 674 post
174 609 297 655 nostram
307 605 468 656 memoriam
482 613 629 656 nascentes
646 621 708 656 cum
717 605 851 656 Lucretio
862 606 900 655 vi·
981 624 984 628 ·

100 673 239 725 debuntur
248 673 325 723 velut
335 687 428 723 coram
438 674 473 741 de
482 688 575 723 rerum
585 679 683 724 natura
694 673 850 739 disputare,
865 674 899 723 de

100 747 161 793 arte
171 754 238 791 roro
248 738 390 791 rhetorica
399 756 460 791 cum
471 741 620 805 Cicerone3
636 740 714 792 multi
723 747 899 808 posterorum

101 825 163 861 cum
173 807 300 859 Varrone
312 807 458 859 conferent
470 823 628 859 sermonem
642 809 676 859 de
690 809 729 858 lin
770 824 787 859 a
800 809 887 860 latina

99 892 157 928 non
175 874 265 927 minus
284 877 368 926 etiam
387 875 481 942 plures
499 874 638 943 philologi
657 891 719 927 cum
744 877 899 927 *saccorum

99 942 272 1010 sapientibus
286 944 372 994 multa
385 943 572 995 deliberantes
587 949 713 995 secretos
728 960 789 995 cum
804 942 847 994 his
861 944 887 993 vi

100 1012 239 1062 debuntur
255 1009 358 1062 habere
371 1026 529 1062 sermones:
550 1011 626 1062 etad
641 1027 773 1062 summam
792 1012 900 1077 sapien-

100 1081 170 1132 tium
185 1079 351 1147 scriptorum
364 1081 534 1141 sententiae,
549 1078 713 1147 corporibus
729 1079 900 1140 absentibus,

99 1153 240 1198 vetustate
260 1145 393 1197 florentes
413 1162 475 1199 cum
487 1148 582 1197 insunt
595 1147 669 1197 inter
684 1147 803 1197 consilia
819 1153 847 1196 et
861 1145 900 1196 di·

100 1216 284 1282 sputationes,
295 1215 415 1265 maiores
426 1212 536 1276 habent,
549 1229 629 1282 quam
639 1215 826 1281 praesentium
837 1229 887 1264 sun

99 1284 299 1345 auctoritates,
324 1297 429 1334 omnes.
466 1282 506 1332 18.
525 1281 635 1349 ltaque,
655 1282 772 1344 Caesar,
792 1279 834 1331 his
854 1296 901 1331 au-

101 1351 225 1402 ctoribus
239 1348 342 1413 fretus,
358 1350 486 1401 sensibus
501 1364 598 1401 eorum
612 1349 744 1401 adhibitis
764 1354 793 1401 et
810 1350 900 1400 consi-

100 1420 159 1480 liis,
175 1434 209 1469 oa
218 1418 360 1469 volumina
374 1419 539 1486 conscripsi:
560 1425 589 1469 et
600 1417 740 1537 prioribus
751 1422 857 1484 septem
866 1416 900 1467 de

102 1487 251 1548 aediliciis,
271 1491 371 1537 octavo
391 1485 425 1537 de
445 1487 538 1555 aquis3
556 1486 586 1537 in
624 1501 658 1537 oc
675 1486 710 1536 de
724 1484 900 1553 gnomonicis

100 1554 270 1616 rationibus,
285 1553 515 1621 quemadmodum
526 1555 560 1606 de
571 1554 657 1606 radiis
673 1554 741 1605 solis
755 1554 784 1603 in
797 1552 899 1603 mundo

100 1629 164 1674 sunt
178 1637 227 1689 per
240 1623 350 1674 umbras
364 1623 512 1690 gnomonis
525 1623 668 1684 inventae,
687 1620 841 1689 quibusque
859 1634 901 1670 ra-

99 1690 223 1742 tionibus
231 1691 382 1742 dilatentur
392 1698 440 1742 aut
450 1689 657 1753 contrahantur,
669 1689 824 1755 explicabo.

397 1791 551 1843 CAPUT
584 1790 624 1843 1.¹

428 1856 505 1916 (vulgo
518 1857 572 1914 lv.)

136 1929 195 1995 (De
220 1945 303 1982 zona
330 1931 493 1984 duodecim
513 1931 679 2000 signorum
700 1937 731 1982 et
751 1936 867 1998 septem

261 2008 423 2051 astrorum
441 1998 610 2051 contrario
629 1998 744 2059 curso.)

153 2098 295 2148 Eaautem
309 2103 373 2148 sunt
386 2097 479 2149 divina
493 2103 585 2150 mente
600 2102 773 2163 comparata,
787 2093 897 2147 habent·

103 2181 156 2234 que
175 2165 386 2216 admirationem
403 2180 532 2233 magnam
549 2166 806 2226 considerantibus,
827 2165 901 2232 quod

101 2234 197 2284 umbra
207 2233 354 2301 gnomonis
364 2234 578 2302 aequinoctialis
589 2234 645 2284 alia
654 2233 844 2301 magnitudine
859 2239 902 2283 est

98 2301 227 2363 Athenis,
245 2302 301 2352 alia
312 2301 509 2364 Alexandriae,
529 2303 585 2353 alia
597 2303 714 2364 Romae,
734 2316 790 2352 non
804 2299 901 2351 eadem

100 2370 262 2421 Placentiae
277 2371 434 2437 ceterisque
449 2369 525 2420 orbis
539 2377 675 2421 terrarum
688 2369 769 2421 locis.
804 2367 900 2434 ltaque

100 2440 184 2506 longe
191 2437 274 2488 aliter
284 2437 388 2490 distant
394 2438 597 2504 descriptiones
608 2435 900 2504 horologiorumloco·

100 2522 160 2557 rum
187 2503 395 2557 mutationibus.
430 2506 593 2558 Umbrarum
616 2507 689 2556 enim
711 2504 900 2571 aequinoctia-

100 2574 167 2625 lium
189 2574 429 2642 magnitudinibus
451 2575 635 2642 designantur
654 2573 899 2624 analemmatorum

101 2641 222 2704 iormae,
237 2657 273 2694 ex
282 2642 381 2710 quibus
392 2643 573 2711 perficiuntur
583 2643 618 2693 ad
628 2643 764 2692 rationem
775 2641 899 2690 locorum

100 2715 130 2764 et
139 2710 251 2762 umbrae
262 2726 432 2778 gnomonum
442 2710 572 2766 horarum
584 2710 797 2776 descriptiones.
832 2709 898 2760 dna·
