2054 3090
108 147 159 196 22⁰
311 145 366 198 ΒΕ
387 145 719 199 ARCHITECTURA

109 254 205 301 centra
215 248 315 300 axiculi
326 250 354 300 in
365 249 506 302 orbiculos
513 257 541 301 et
549 251 579 300 in
585 247 720 301 trochleis
726 247 910 312 collocantur,

110 331 160 384 per
170 333 239 385 quos
251 316 392 369 orbiculos
402 316 477 368 funis
487 319 670 369 circumactus
679 317 796 368 directis
806 317 910 370 ductio·

112 385 193 436 nibus
208 391 236 435 et
249 386 278 435 in
293 385 391 436 sucula
403 386 559 437 collocatus
573 386 694 436 vectium
706 385 911 437 versationibus

114 467 228 503 onerum
239 452 307 504 facit
317 467 447 520 egressus
460 454 489 503 in
499 454 596 504 altum:
610 454 689 504 cuius
698 452 815 504 suculae
826 453 912 505 cardi·

114 534 176 581 nes,
187 521 227 570 uti
238 527 341 582 centra,
352 521 474 587 porrecti
481 522 512 571 in
521 519 666 584 cheloniis,
675 519 912 591 foraminibusque

115 588 176 638 eius
196 595 288 638 vectes
308 587 442 650 conclusi,
460 588 596 655 capitibus
611 588 647 638 ad
656 588 790 640 circinum
800 589 913 640 circum·

116 656 199 717 actis,
213 656 289 705 torni
301 656 410 706 ratione
428 657 565 708 versando
587 654 695 706 faciunt
709 657 804 707 oneris
817 656 913 708 elatio·

114 737 185 772 nem.
221 722 459 783 Quemadmodum
473 725 557 775 etiam
571 722 680 774 ferrcus
692 723 784 774 rectis
795 739 860 774 cnm
873 729 915 776 est

114 790 241 841 adsuetus
258 790 386 852 adunus,
401 792 476 858 quod
485 807 613 843 manuum
626 790 775 841 multitudo
789 807 847 842 non
856 796 914 859 pot-

116 865 159 908 est
169 872 293 918 movere,
310 861 456 925 supposita
468 861 509 910 uti
519 865 615 910 centro
625 859 681 909 cito
696 865 829 924 porrecta
841 872 914 927 pres·

114 925 390 993 sione,quod(lraeci
400 923 556 988 ὑπομόχλιον
566 925 749 992 appellantet
757 925 858 994 lingua
866 925 914 977 sub

115 1011 184 1044 onus
198 993 322 1056 subdita,
336 1001 419 1059 caput
432 995 492 1045 eius
506 994 586 1044 unius
597 993 715 1044 hominis
725 993 832 1046 viribus
842 1008 915 1062 pres·

115 1078 174 1112 sum
185 1063 214 1112 id
225 1076 293 1112 onus
305 1061 423 1113 extollit.
459 1061 483 1112 3.
494 1062 525 1112 ld
534 1070 626 1113 autem
638 1059 708 1132 [fit],
720 1060 795 1128 quod
804 1062 915 1113 brevior

116 1145 178 1196 pars
194 1130 270 1195 prior
284 1131 371 1181 vectis
382 1129 415 1179 ab
427 1144 460 1180 ea
469 1130 627 1196 pressione,
642 1127 715 1195 quod
726 1134 771 1179 est
781 1136 914 1191 centnrm,

116 1198 190 1247 subit
203 1197 253 1248 sub
268 1213 349 1261 onus,
365 1205 393 1247 et
409 1198 483 1264 quod
493 1197 604 1265 longius
614 1198 648 1246 ab
659 1210 694 1246 eo
703 1203 800 1246 centro
809 1197 915 1248 distans

116 1272 198 1330 caput
208 1266 268 1316 eius
276 1280 325 1331 per
334 1265 363 1316 id
373 1281 433 1316 cum
446 1265 571 1326 ducitur,
586 1263 717 1315 faciundo
728 1271 822 1315 motus
838 1264 916 1316 circi·

116 1333 248 1395 nationis,
264 1333 341 1399 cogit
354 1333 545 1399 pressionibus
556 1333 707 1382 examinari
720 1333 818 1399 paucis
832 1332 915 1383 mani·

116 1400 166 1449 bus
181 1401 273 1450 oneris
287 1401 400 1451 maximi
414 1401 530 1467 pondus.
566 1401 634 1450 ltem
648 1401 671 1449 si
686 1400 736 1450 sub
747 1413 819 1450 onus
829 1399 917 1450 vectis

116 1467 201 1516 ferrei
215 1467 321 1533 lingula
330 1468 457 1519 subiecta
466 1468 563 1530 luerit,
577 1482 666 1584 nespue
677 1468 737 1517 eius
747 1472 833 1532 caput
842 1480 917 1535 pres·

117 1535 195 1584 sione
215 1535 243 1584 in
259 1536 342 1585 imum
356 1535 406 1586 sed
421 1536 554 1586 adversus
567 1536 596 1586 in
609 1550 626 1584 a
637 1535 785 1586 titudinem
799 1534 917 1586 extolle·

117 1609 171 1664 tur,
185 1602 292 1669 lingula
307 1601 379 1654 fulta
392 1604 420 1653 in
430 1619 513 1655 areae
523 1603 585 1655 solo
596 1600 709 1653 babebit
719 1616 779 1652 eam
789 1616 842 1669 pro
853 1617 918 1653 one·

117 1685 160 1733 re,
179 1673 271 1720 oneris
292 1677 384 1721 autem
397 1672 484 1738 ipsius
499 1671 629 1738 angulum
642 1685 692 1737 pro
706 1670 919 1736 pressionc31ta

117 1755 172 1788 non
190 1745 245 1788 tam
262 1738 383 1790 faciliter
402 1755 482 1806 quam
502 1739 683 1805 oppressione
709 1737 759 1788 sed
782 1737 917 1788 adversus

116 1805 294 1856 nihilominus
309 1807 337 1857 id
348 1807 455 1873 pondus
467 1807 560 1859 oneris
571 1807 625 1858 erit
634 1806 794 1857 excitatum.
829 1805 918 1872 Igitur

115 1875 139 1924 si
154 1875 215 1941 plus
229 1875 335 1940 lingula
344 1876 432 1926 vectis
443 1890 526 1942 supra
535 1870 753 1942 hypomochlion
762 1872 858 1938 posita
867 1871 917 1923 sub

116 1959 185 1992 onus
196 1943 325 2004 subierit,
341 1950 369 1993 et
377 1949 459 2009 caput
469 1943 528 1993 eius
538 1943 651 2009 propius
662 1947 785 1992 centrum
795 1941 917 2007 pressio·

116 2025 164 2059 nes
177 2008 311 2072 habuerit,
322 2026 377 2061 non
388 2011 491 2077 poterit
499 2025 568 2061 onus
580 2010 699 2072 elevare,
710 2008 763 2058 nisi
774 2007 916 2074 (quemad-

116 2077 225 2127 modum
242 2079 471 2145 suprascriptum
490 2080 550 2142 est)
570 2076 737 2129 examinatio
753 2076 843 2127 vectis
858 2075 917 2126 lon-

116 2146 177 2211 gius
194 2160 243 2211 per
257 2152 340 2212 caput
349 2145 562 2197 deductionibus
571 2145 657 2196 luerit
666 2144 749 2194 iacta.
783 2142 810 2193 4.
828 2139 861 2193 ld
871 2157 917 2193 au-

115 2222 169 2263 tem
181 2213 341 2276 extrutinis,
352 2229 422 2280 quae
433 2219 553 2264 staterae
565 2213 702 2274 dicuntur,
713 2211 781 2261 licet
789 2209 918 2261 conside·

114 2296 187 2331 rare:
209 2296 269 2331 cum
290 2282 362 2332 enim
382 2297 449 2332 ansa
467 2282 580 2349 propius
600 2285 695 2348 caput,
715 2277 788 2329 unde
808 2277 919 2330 lancula

113 2349 224 2417 pendet,
230 2349 270 2400 uti
282 2351 316 2400 ad
327 2355 450 2400 centrum
461 2356 505 2400 est
512 2349 662 2411 collocata,
668 2345 918 2413 etaequipondium

114 2419 140 2468 in
152 2417 267 2467 alteram
278 2424 382 2483 partem
393 2417 479 2484 scapi,
486 2431 535 2482 per
543 2422 646 2482 puncta
655 2413 781 2483 vagando
793 2427 849 2480 quo
859 2413 918 2465 lou·

114 2487 176 2554 gius
186 2491 235 2536 aut
250 2486 333 2536 etiam
344 2486 379 2537 ad
390 2492 540 2537 extremum
550 2485 722 2553 perducitur,
736 2481 819 2550 paulo
830 2487 861 2533 et
869 2481 918 2532 im-

115 2554 307 2622 paripondere
328 2554 524 2621 amplissimam
546 2554 708 2620 pensionem
721 2564 818 2618 parem
838 2549 918 2617 perii-

115 2627 154 2675 cit
162 2637 211 2688 per
221 2626 298 2689 scapi
308 2623 485 2673 librationem
495 2621 662 2672 examinatio
672 2618 784 2687 longius
795 2632 812 2667 a
822 2622 914 2668 contr(

117 2692 260 2743 recedens.
283 2691 327 2741 lta
335 2690 504 2743 imbecillior
513 2688 691 2757 aequipondii
701 2686 824 2737 brevitas
834 2685 908 2736 maio
918 2716 920 2721 -
