2054 3090
323 212 452 266 LIBER
469 214 522 268 111.
551 215 637 274 GAP.
672 217 709 278 V.
866 215 917 270 di

108 316 187 374 saint,
203 311 239 363 ad
249 314 368 365 eundem
378 315 490 366 modum
501 317 562 368 lieri
573 317 684 371 debent.
720 319 744 372 5.
764 317 813 372 Sin
823 325 916 371 autem

111 379 187 429 circa
202 381 300 431 aedem
316 397 351 434 ex
363 383 454 433 tribus
466 383 602 436 lateribus
620 386 735 451 podium
757 387 915 438 faciendum

109 447 176 508 erit,
194 447 268 499 adid
279 451 477 512 constituatur,
492 451 533 501 uti
544 453 680 518 quadrae,
697 455 913 520 spirae,trunci,

108 528 246 576 coronae,
264 516 334 582 lysis
346 518 380 567 ad
390 518 667 585 ipsumstylobaten,
684 523 730 588 qui
742 521 796 571 erit
806 520 857 571 sub
869 536 913 570 co-

108 581 262 632 lumnarum
278 585 374 648 spiris,
391 586 565 637 conveniant.
603 586 770 654 stylobaten
779 589 820 638 ita
836 602 915 653 opor-

107 653 150 697 tet
165 652 330 716 exaequari,
345 653 388 702 uti
404 650 507 704 habeat
521 668 572 719 per
588 655 710 706 medium
728 655 916 705 adiectionem

108 727 158 780 per
174 717 316 769 scamillos
332 719 462 785 impares.
500 719 530 771 Si
546 721 619 771 enim
629 723 664 772 ad
675 722 798 773 libellam
814 722 915 789 dirige-

108 791 166 844 tur,
192 783 361 835 alveolatum
388 786 469 837 oculo
490 786 639 839 videbitur.
676 790 741 840 Hoc
759 797 850 840 autem
874 789 917 839 uti

108 849 228 900 scamilli
239 851 272 901 ad
283 852 313 902 id
325 855 524 904 convenientes
535 856 616 918 liant,
629 857 697 907 item
708 858 737 907 in
749 863 873 909 extremo
885 856 917 905 li·

106 915 157 966 bro
168 915 260 969 forma
269 924 298 970 et
308 919 509 971 demonstratio
521 923 576 973 erit
585 924 734 990 descripta.

412 1010 550 1073 curor
576 1023 610 1076 v.
721 1081 723 1086 ,

360 1103 438 1162 (vulgo
447 1105 491 1147 ΙΙΙ.
503 1109 559 1148 sect.
570 1110 590 1150 t.
602 1106 664 1161 sqq.)

126 1173 172 1226 De
192 1176 350 1229 columnis
369 1177 495 1230 Ionicis
514 1183 614 1245 atque
633 1193 746 1231 eorum
764 1186 895 1228 ornatu.

154 1258 208 1310 llis
217 1259 351 1326 perfectis
361 1263 391 1312 in
401 1263 459 1313 suis
470 1263 541 1313 locis
552 1264 645 1329 spirae
657 1263 841 1325 collocentur,
853 1277 914 1313 eae-

108 1341 161 1394 que
177 1327 211 1376 ad
227 1330 416 1394 symmetriam
432 1331 473 1380 sic
488 1331 683 1396 perficiantur,
699 1331 740 1381 uti
756 1330 914 1381 crassitudo

108 1409 170 1444 cum
184 1393 292 1460 plintho
315 1397 353 1446 sit
371 1397 517 1448 columnae
534 1413 568 1449 ex
585 1399 700 1449 dimidia
719 1398 914 1459 crassitudine,

108 1461 366 1530 proiecturamque‚
382 1478 464 1530 quam
475 1465 577 1516 Graeci
592 1463 703 1532 ἐκφορὰν
714 1467 852 1527 vocitant,
869 1464 914 1514 ha-

107 1528 193 1579 beant
203 1530 393 1596 quadrantem.
429 1531 471 1582 lta
479 1538 537 1583 tum
553 1533 611 1584 lata
621 1539 650 1584 et
663 1534 749 1601 longa
767 1533 915 1599 eritcolu·

108 1610 188 1646 mnae
208 1598 401 1648 crassitudinis
421 1599 502 1650 unius
523 1606 551 1650 et
570 1601 710 1652 dimidiae.
746 1603 771 1650 2.
789 1599 914 1650 Altitudo

109 1663 178 1724 eius,
190 1664 379 1745 sinnicurges
390 1666 452 1727 erit,
463 1668 504 1717 ita
514 1667 661 1730 dividatur,
672 1674 703 1718 ut
713 1667 841 1732 superior
850 1681 914 1732 pars

108 1731 194 1780 tertia
217 1739 296 1796 parte
320 1738 358 1783 srt
377 1735 570 1785 erassitudinis
591 1736 750 1797 columnae,
777 1733 914 1799 reliquum
979 1759 982 1764 ·

107 1795 216 1862 plintho
227 1799 415 1866 relinquatur:
427 1800 538 1867 dempta
547 1800 655 1868 plintho
667 1802 803 1868 reliquum
810 1801 914 1850 divida-

108 1871 154 1914 tur
163 1865 191 1914 in
200 1872 295 1930 partes
308 1873 435 1933 quatuor,
448 1868 550 1935 fiatque
562 1870 691 1934 superior
700 1876 779 1919 torus
789 1876 914 1933 quartae,
969 1889 972 1893 .

108 1931 234 1998 reliquae
249 1939 306 1984 tres
322 1935 478 2001 aequaliter
493 1936 665 1996 dividantur,
683 1941 711 1984 et
724 1949 779 1984 nna
794 1934 831 1984 sit
845 1932 914 1983 infe-

107 1999 167 2048 rior
176 2005 271 2062 torus,
283 2001 442 2066 alterapars
454 2017 515 2052 cum
526 2003 584 2052 suis
595 2002 708 2068 quadris
719 2001 818 2062 scotia,
831 2015 912 2066 quam

108 2065 211 2118 Graeci
225 2065 345 2133 τρόχιλον
359 2069 463 2118 dicunt.
499 2069 523 2118 3.
544 2069 592 2120 Sin
603 2075 695 2118 autem
705 2068 817 2117 lonicae
833 2073 914 2116 crunt

107 2132 268 2197 faciendae,
286 2135 465 2202 symmetriae
482 2150 576 2185 earum
592 2136 632 2185 sic
648 2142 729 2185 crunt
743 2134 912 2184 constituen-

108 2201 176 2262 dae,
192 2202 234 2251 uti
249 2203 368 2254 latitudo
384 2202 476 2268 spirae
492 2216 703 2269 quoquoversus
720 2202 756 2252 sit
767 2202 912 2252 columnae

108 2269 303 2320 crassitudinis
310 2307 317 2333 ,
334 2270 445 2320 adiecta
455 2270 640 2320 crassitudine
651 2276 749 2336 quarta
760 2275 788 2319 et
799 2275 912 2330 oetava3

96 2334 228 2385 ¹altitudo
248 2338 289 2387 uti
306 2338 472 2404 Atticurgis3
498 2337 538 2387 ita
558 2343 586 2387 et
606 2338 665 2386 eius
687 2334 823 2401 plinthos:
849 2335 912 2384 reli·

108 2418 246 2470 quumque
257 2411 368 2470 praeter
376 2402 512 2470 plinthon,
522 2405 597 2471 quod
608 2404 662 2454 erit
670 2404 755 2453 tertia
764 2417 828 2468 pars
840 2416 913 2451 eras-

109 2470 240 2522 situdinis
255 2472 400 2522 columnae
418 2471 557 2521 dividatur
572 2472 600 2520 in
614 2476 708 2536 partes
719 2475 835 2535 septem.
872 2468 902 2517 ln

109 2536 144 2587 de
154 2539 238 2588 trium
249 2541 368 2605 partium
379 2546 457 2590 torus
465 2576 473 2602 ,
490 2539 537 2606 qui
551 2539 632 2589 estin
647 2551 767 2587 summo:
787 2535 913 2601 reliquae

109 2612 230 2670 quatuor
244 2613 338 2672 partes
360 2606 526 2657 dividendae
541 2611 606 2656 sunt
627 2603 796 2669 aequaliter,
816 2607 845 2651 et
860 2617 914 2654 una

107 2686 173 2737 pars
190 2673 238 2723 liat
253 2690 314 2724 cum
332 2675 390 2725 suis
406 2679 481 2724 astra
503 2673 554 2724 alis
570 2679 599 2724 et
613 2670 765 2738 supercilio
787 2671 915 2736 superior

109 2738 260 2803 trochilus,
277 2741 366 2791 altera
380 2756 444 2806 pars
457 2690 588 2793 inheriori
598 2737 718 2791 trochilo
729 2737 915 2805 relinquatur:

660 2807 715 2864 uu
