2054 3090
198 112 247 162 208
397 111 454 163 DE
476 104 803 167 ARCHITECTURA

200 229 252 280 que
267 214 420 281 aequaliter
436 229 485 280 per
498 214 528 264 id
542 230 639 266 cavum
651 215 770 268 inlinens
788 231 861 284 aqna
873 215 999 269 sublevat

198 279 340 348 scaphium
353 283 506 345 inversum,
521 283 594 349 quod
608 283 641 334 ab
658 284 809 336 artificibus
819 283 933 351 phellos
942 285 998 336 sive

197 358 357 416 tympanum
368 350 482 413 dicitnr;
493 350 521 399 in
532 365 587 416 quo
597 351 739 403 collocata
747 367 777 402 re
828 367 846 401 a
854 351 999 403 versatilia

197 417 650 484 tympanadentieulisaequalibus
660 425 750 485 suntp
796 425 871 469 ecta:
882 420 998 486 quiden·

197 486 274 536 ticuli
286 486 356 536 alius
368 485 451 535 alium
460 485 634 551 impellentes
644 488 814 537 versationes
823 486 953 537 modicas
961 485 999 536 la·

198 554 274 604 ciunt
287 559 316 602 et
328 553 475 602 motiones.
510 553 580 603 Item
594 553 666 604 aliae
680 554 795 621 regulae
809 553 922 621 aliaque
931 559 999 621 tym-

198 635 282 687 pana,
298 621 333 670 ad
348 620 464 670 eundem
475 621 587 671 modum
597 620 723 683 dentata,
737 636 792 672 nna
800 621 929 672 motione
938 635 999 672 eoa-

198 695 243 739 cta
261 687 397 737 versando
416 685 522 737 faciunt
541 685 659 738 effectus
678 689 882 754 varietatesque
901 690 1000 739 motio·

199 771 271 816 num,
278 755 307 804 in
317 755 822 822 quibusmoventursigillarertuntur
830 761 935 819 metae,
947 754 999 807 cal·

199 823 255 873 culi
270 830 318 872 aut
333 837 384 871 ova
397 823 593 889 proficiuntur,
603 823 739 875 buccinae
755 829 870 885 canunt,
882 823 999 890 reliqua·

199 905 251 957 que
262 904 388 955 parerga.
424 887 448 939 6.
466 889 497 939 ln
507 886 550 940 his
561 891 646 941 etiam
655 892 740 941 autin
750 891 882 942 columna
894 898 942 944 aut
957 903 999 956 pa·

197 955 422 1008 rastaticahorae
428 956 630 1019 describuntur,
640 965 707 1024 quas
718 957 841 1024 sigillum
851 958 998 1025 egrediens

199 1025 299 1075 ab'imo
312 1024 419 1090 virgula
428 1025 605 1091 significatio
615 1025 688 1076 diem
698 1031 799 1090 totum;
815 1040 933 1092 quarum
940 1024 999 1077 bre-

199 1094 299 1143 vitates
315 1100 363 1142 aut
375 1093 544 1143 crescentias
555 1108 705 1144 cuneorum
716 1093 841 1144 adiectus
851 1099 901 1144 aut
910 1107 999 1145 exem·

198 1168 262 1226 ptus
280 1160 309 1209 in
324 1159 440 1226 singulis
455 1160 552 1211 diebus
567 1166 596 1211 et
608 1160 749 1212 mensibus
763 1161 899 1227 perficere
914 1159 999 1227 cogit

199 1226 1000 1294 Praeclusionesaquarumadtemperandumitasunteon-

199 1295 323 1346 stitutae.
358 1295 452 1345 Melae
467 1302 531 1346 sunt
546 1296 629 1358 duae,
640 1311 695 1347 una
704 1295 809 1358 solida,
823 1295 914 1346 altera
923 1309 999 1356 cara,

200 1377 235 1413 ex
248 1368 330 1411 torno
344 1361 553 1428 imperfectae,
572 1370 603 1414 ut
618 1363 674 1413 alia
686 1366 713 1414 in
726 1363 808 1414 aliam
818 1363 890 1413 inire
901 1375 1000 1413 conre-

200 1431 314 1494 nireque
332 1431 434 1493 possit3
457 1437 486 1480 et
496 1431 592 1481 eadem
606 1430 704 1498 regula
721 1430 826 1482 laxatio
845 1445 941 1481 earum
955 1433 1002 1479 aut

199 1496 335 1547 coartatio
348 1497 450 1546 efficiat
460 1504 507 1548 aut
516 1497 707 1549 vehementem
717 1498 863 1549 autlenem
872 1498 902 1548 in
913 1512 948 1548 ea
956 1511 1001 1547 va-

199 1579 231 1615 sa
250 1578 338 1630 aquae
357 1563 520 1615 influentem
538 1581 657 1617 cursum.
687 1566 729 1616 lta
747 1565 790 1616 his
804 1565 963 1616 rationibus
973 1568 1002 1614 et

144 1689 149 1697 Ι
198 1629 403 1682 machinatione
423 1646 458 1682 ex
480 1648 551 1701 aqua
565 1639 767 1700 componuntur
788 1631 1001 1700 horologiorum

199 1701 234 1751 ad
247 1698 390 1750 hibernum
404 1717 484 1750 usum
497 1700 708 1753 collocationes.
743 1702 769 1753 ἵ.
788 1700 837 1754 Sin
851 1706 945 1752 autem
955 1714 1000 1750 cu-

198 1783 313 1819 neorum
324 1768 528 1819 adiectionibus
539 1776 568 1819 et
578 1769 797 1820 detractionibus
807 1769 1000 1835 correptiones

199 1836 306 1886 dierum
320 1843 368 1887 aut
376 1837 548 1887 crescentiae
559 1852 614 1887 non
624 1837 821 1904 probabuntur,
833 1835 908 1902 quod
919 1833 1002 1886 cunei

198 1904 360 1969 saepissime
379 1904 448 1954 vitia
464 1902 583 1967 faciunt,
602 1907 643 1956 sic
662 1904 716 1955 erit
732 1902 934 1970 explicandum.
969 1901 1000 1951 lu

198 1971 347 2021 columella
365 1970 451 2022 horae
468 1987 503 2023 ex
517 1972 706 2023 analemmatis
720 1978 878 2022 transverse
896 1969 1000 2020 descri-

198 2039 298 2088 bantur
310 2045 522 2105 menstruaeque
536 2039 627 2090 lineae
641 2040 670 2089 in
680 2038 829 2091 columella
837 2039 999 2105 signentun

199 2120 286 2172 eaque
297 2106 446 2157 columella
454 2107 593 2158 versatilis
604 2107 772 2174 perficiatur,
779 2107 820 2157 uti
830 2105 865 2156 ad
875 2104 1000 2171 sigillum

198 2175 240 2224 vir
279 2173 389 2240 lamque
400 2175 467 2240 (qua
480 2175 591 2241 virgula
605 2174 752 2242 egrediens
768 2173 892 2241 sigillum
906 2177 1000 2222 osten-

199 2241 240 2292 dit
270 2255 333 2292 oras
339 2246 360 2305 ,J
367 2241 636 2292 columnaversando
647 2242 822 2293 continenter
831 2255 898 2290 suas
908 2239 1001 2290 cuins·

198 2323 251 2377 que
260 2309 363 2359 mensis
373 2309 525 2360 brevitates
536 2314 565 2360 et
579 2310 747 2360 crescentias
759 2307 845 2359 iaciat
858 2304 999 2357 horarum.

198 2379 222 2429 8.
241 2375 325 2428 Fiunt
334 2375 418 2427 etiam
428 2376 483 2426 alio
498 2391 601 2444 genere
617 2374 767 2444 horologia
778 2373 907 2437 hiberna,
965 2387 1000 2423 ae

198 2442 368 2512 anaphorica
381 2444 521 2507 dicuntur,
535 2444 770 2511 perficiunturque
780 2442 936 2494 rationibus
964 2441 1001 2492 is.

196 2513 293 2566 Horae
307 2511 491 2577 disponuntur
505 2525 540 2562 ex
551 2511 668 2580 virgulis
681 2510 776 2562 aeneis
790 2525 825 2562 ex
834 2509 1001 2561 eademna-

196 2589 241 2634 tos
252 2579 450 2646 descriptione,
459 2578 493 2629 ab
505 2584 600 2631 centro
611 2579 764 2646 dispositae
773 2577 802 2628 in
811 2576 916 2629 hante:
926 2577 956 2627 in
965 2589 1001 2628 ea

197 2648 297 2704 circuli
315 2653 380 2700 sunt
399 2646 573 2711 circumdati,
591 2652 734 2700 menstrua
752 2646 843 2713 spatia
859 2645 999 2697 linientes.
