2054 3090
348 264 474 318 Lines
499 265 520 321 1.
556 262 636 320 CAP.
667 263 711 322 Vl.
895 272 926 322 21

119 368 245 421 ctioatim
256 367 406 436 disposita,
422 368 653 436 quemadmodum
663 385 758 422 serrae
769 372 867 424 dentes
882 389 925 424 so-

118 436 177 489 lent
193 451 272 500 esse,
290 436 473 488 collocentur.
510 438 578 488 Cum
596 437 670 487 enim
687 438 729 489 sic
747 438 925 504 eritlactum,

118 511 185 557 tuuc
193 505 236 556 ita
245 503 339 555 oneris
349 505 456 555 terreni
464 505 627 572 magnitudo
639 505 924 573 distributainparvas

116 578 222 639 partes,
233 586 323 639 neque
334 571 464 622 universo
474 571 597 637 pondere
609 587 745 638 premens,
755 590 811 623 non
821 576 926 640 poterit

118 641 177 692 ulla
192 639 303 690 ratione
321 638 470 690 extrudere
484 639 556 689 muri
570 639 801 692 substructiones.
837 640 861 692 8.
879 641 923 692 De

117 709 180 776 ipso
192 712 284 758 autem
293 720 372 757 muro
384 720 398 755 e
411 721 465 772 qua
473 707 591 756 materia
601 713 724 757 struatur
738 715 786 758 aut
798 709 924 773 perficia-

116 782 175 837 tur,
185 774 250 825 ideo
261 788 317 825 non
328 780 371 824 est
380 772 610 838 praetimendam,
622 774 697 841 quod
706 775 736 824 in
747 775 872 826 omnibus
884 777 923 826 lo·

117 844 173 904 cis,
188 857 256 908 quas
267 847 394 908 optamus
406 841 515 906 copias,
527 855 574 890 eas
586 856 640 891 non
651 856 798 907 possumus
807 841 922 893 babere:

117 911 169 962 sed
179 909 227 962 ubi
234 913 299 960 sunt
309 923 377 960 saxa
387 907 523 974 quadrata
532 907 591 958 sive
603 908 675 960 silex
684 909 922 959 sivccaementum

118 983 166 1029 aut
177 983 273 1029 coctus
283 976 356 1027 later
365 975 423 1025 sive
434 974 548 1037 crudus,
562 973 605 1025 his
617 976 670 1026 erit
683 975 823 1027 utendum.
859 975 921 1026 Non

118 1045 200 1108 enim,
210 1045 251 1095 uti
261 1042 406 1110 Babylone
417 1041 588 1092 abundantes
599 1041 705 1108 liquido
715 1042 859 1103 bitumine,
871 1058 921 1108 pro

117 1112 195 1163 calce
207 1117 235 1162 et
245 1125 338 1174 arena,
350 1115 379 1160 et
387 1115 468 1160 cocto
481 1109 569 1159 latere
579 1107 682 1159 factum
690 1108 794 1159 habent
803 1126 920 1172 ntorum,

117 1181 160 1231 sic
174 1181 241 1230 item
254 1183 372 1245 possunt
387 1191 483 1226 omnes
496 1176 640 1242 regiones,
655 1176 703 1225 sed
719 1176 844 1226 locorum
859 1192 921 1242 pro-

116 1248 251 1315 prietates
268 1244 372 1296 habere
389 1250 481 1295 tantas
500 1242 625 1292 eiusdem
643 1243 755 1309 generis
772 1244 920 1306 utilitates,

115 1316 155 1366 uti
168 1330 203 1366 ex
212 1314 255 1365 bis
266 1310 520 1378 comparationibus
532 1310 566 1360 ad
577 1311 770 1361 aeternitatem
779 1311 921 1378 perfectus

115 1382 252 1434 habeatur
261 1382 321 1432 sine
331 1379 399 1430 vitio
411 1393 512 1428 murus.

411 1478 543 1530 CAPUT
572 1478 621 1530 Vl.

134 1568 178 1619 De
199 1556 406 1642 divisionene't
427 1561 639 1629 dispositione
662 1580 800 1631 operata,
822 1578 901 1629 qaae

359 1639 447 1682 antro
466 1646 570 1681 micros
588 1640 669 1681 seint.

165 1717 314 1770 Moenibus
335 1713 525 1776 circumdatis,
549 1722 701 1781 sequuntur
719 1716 793 1766 intra
810 1730 918 1765 murum

113 1803 241 1839 arearum
253 1784 405 1836 divisiones
416 1781 623 1848 platearumque
635 1789 663 1834 et
673 1783 867 1899 angiportuum
883 1782 917 1831 ad

113 1856 189 1906 coeli
200 1853 344 1919 regionem
355 1850 534 1901 directiones.
570 1849 735 1917 Dirigentur
764 1865 814 1899 aec
825 1856 916 1899 autem

113 1930 200 1983 recte,
211 1921 234 1970 si
246 1919 352 1970 exclusi
364 1923 445 1968 erunt
454 1931 490 1967 ex
502 1916 657 1983 angiportis
669 1917 741 1967 venti
753 1916 916 1982 prudenter:

113 1991 160 2058 qui
172 1991 197 2040 si
206 1986 303 2054 frigidi
314 1992 389 2046 sunt,
404 1983 530 2046 laedunt;
550 1985 575 2033 si
586 1984 683 2044 calidi,
698 1984 809 2046 vitiant3
829 1983 853 2031 si
867 1981 916 2031 hu-

113 2057 194 2118 midi,
209 2059 319 2105 nocent.
356 2053 448 2114 Quare
462 2051 603 2100 vitandum
619 2051 727 2100 videtur
741 2047 795 2099 boo
807 2050 915 2117 sitium,

111 2133 141 2177 et
154 2121 365 2181 advertendum,
385 2134 419 2169 ne
435 2118 495 2178 liat,
514 2118 588 2182 quod
603 2119 630 2167 in
645 2117 739 2167 multis
755 2116 914 2167 civitatibus

110 2209 163 2244 usu
174 2190 249 2241 solet
256 2189 366 2251 venire3
380 2183 611 2253 quemadmodum
623 2185 650 2235 in
661 2185 753 2235 insula
763 2184 855 2234 Lesbo
868 2200 914 2249 op-

109 2256 346 2327 pidumMitylene
358 2252 568 2320 magnificenter
579 2257 622 2302 est
633 2252 808 2302 aedificatum
820 2258 849 2303 ct
859 2253 914 2302 ele-

130 2333 222 2387 anter,
238 2323 288 2375 sed
321 2323 422 2373 ositum
438 2318 660 2384 nonprudenter.
696 2318 725 2369 ln
737 2335 791 2385 oua
801 2320 913 2370 civitate

107 2344 210 2446 {ustor
220 2407 281 2442 cum
312 2396 351 2452 at,
363 2387 489 2439 homines
501 2393 660 2452 aegrotant,
672 2402 732 2437 cum
745 2388 846 2448 Corus,
857 2394 914 2437 tus-

108 2463 194 2521 siunt,
205 2474 267 2510 cum
278 2455 448 2524 Septentrio,
460 2453 646 2504 restituuntur
656 2455 683 2504 in
695 2455 851 2515 sanitatem,
863 2452 914 2503 sed

108 2530 138 2580 in
148 2526 304 2595 angiportis
315 2521 632 2590 etplateisnonpossunt
639 2522 794 2572 consistere
800 2526 915 2586 propter

107 2594 311 2647 vehementiam
320 2590 445 2658 frigoris.
474 2589 497 2637 2.
510 2587 615 2639 Ventus
624 2595 716 2640 autem
725 2595 768 2640 est
779 2588 851 2638 atris
863 2585 912 2638 llu-

108 2678 158 2716 ans
174 2661 247 2713 unda
261 2676 322 2711 cum
335 2644 544 2709 incertadotus
555 2656 746 2707 redundantia.
782 2655 914 2707 Nascitur

108 2746 171 2783 cum
180 2729 275 2781 fervor
286 2726 404 2779 offendit
414 2724 566 2784 humorem,
574 2729 601 2773 et
610 2725 729 2790 impetus
740 2723 913 2775 feruorisex·

107 2798 203 2868 primit
215 2797 269 2849 vim
283 2795 398 2861 spiritus
413 2793 491 2845 tlatu.
526 2791 558 2845 ld
571 2797 666 2847 autem
679 2807 780 2848 rerum
788 2806 871 2857 esse,
883 2806 924 2846 eu
