2054 3090
239 210 368 266 LIBER
384 213 469 267 vm.
492 212 739 269 PRAEFATIO.
844 217 891 268 163

203 438 415 510 -LIBER
453 439 753 514 OCTAVUS.

409 605 573 616 ι--ι-

310 697 678 764 PRAEFATIO.

90 820 147 903 De
157 857 264 918 septem
278 851 451 917 sapientibus
461 850 566 904 Thales
576 851 705 906 Milesius
720 856 840 905 omnium
851 870 893 904 re-

90 934 149 971 rum
171 919 337 985 principium
359 934 459 987 aquam
482 926 528 971 est
549 919 708 987 professus,
730 922 893 972 Heraclitus

89 988 196 1054 ignem,
209 985 357 1053 Magorum
367 987 531 1039 sacerdotes
542 1002 641 1055 aquam
652 995 681 1040 et
689 990 796 1056 ignem3
814 988 893 1038 Euri-

90 1053 170 1121 pides
180 1053 293 1105 auditor
300 1054 498 1122 Anaxagorae,
513 1070 593 1122 quem
602 1053 800 1123 philosophum
811 1053 893 1105 Athe·

90 1123 202 1173 nienses
225 1121 366 1172 scenicum
389 1122 612 1189 appellaverunt,
643 1126 710 1174 aera
732 1129 761 1173 et
779 1129 892 1184 terram,

90 1200 206 1255 eamque
224 1202 259 1239 ex
273 1188 439 1240 coelestium
453 1189 582 1240 imbrium
602 1189 834 1255 conceptionibus
851 1190 892 1239 in-

90 1256 254 1306 seminatam
268 1255 343 1307 latus
357 1257 482 1324 gentium
497 1263 526 1308 at
543 1258 666 1308 omnium
686 1256 845 1307 animalium
863 1256 892 1305 in

90 1322 192 1375 muodo
206 1324 414 1389 procreatione,
429 1330 544 1392 atquae
558 1339 593 1376 ex
607 1339 641 1376 ea
651 1330 747 1375 essent
755 1330 894 1392 prognata

92 1405 155 1440 com
166 1389 388 1442 dissolverentur
397 1397 552 1459 temporum
563 1392 734 1443 necessitate
745 1397 852 1454 coacta,
863 1392 892 1440 in

90 1456 205 1508 eandem
215 1458 321 1521 redire,
338 1473 464 1526 quaeque
475 1459 511 1510 de
521 1462 586 1511 aere
596 1465 778 1510 nascerentur
786 1459 853 1510 item
864 1460 892 1509 in

90 1524 164 1575 coeli
177 1525 308 1592 regiones
321 1529 439 1590 reverti,
458 1541 548 1594 neque
561 1527 740 1580 interitiones
754 1527 891 1592 recipere,

90 1591 141 1642 sed
155 1591 340 1644 dissolutione
354 1600 462 1646 mutata
474 1595 504 1645 in
518 1595 635 1646 eandem
647 1594 775 1646 recidere
793 1595 823 1644 in
837 1609 892 1660 qua

90 1658 200 1710 inerant
212 1661 423 1726 proprietatem.
459 1659 637 1779 Pssthagoras
652 1676 734 1724 vero,
754 1661 892 1726 Empedo-

90 1724 353 1791 cles‚Epiclrarmus
363 1728 468 1796 aliique
504 1727 596 1796 hysrci
606 1734 635 1779 et
644 1725 812 1793 Philosophi
822 1725 892 1776 haec

90 1793 225 1860 principia
234 1801 354 1860 quatuor
363 1808 427 1846 esse
437 1801 655 1862 proposuerunt,
671 1798 777 1856 aerem,
788 1794 891 1860 ignem,

90 1874 200 1925 nquam,
210 1865 328 1923 terram,
340 1875 491 1929 eorumque
500 1862 576 1913 inter
584 1875 616 1913 se
627 1859 835 1913 cohaerentiam
846 1875 892 1910 na·
967 1867 969 1871 '

90 1925 173 1979 turali
183 1926 350 1993 figuratione
361 1942 396 1980 ex
406 1942 540 1995 generum
555 1928 764 1980 discriminibus
780 1927 891 1978 efficere

90 1992 248 2062 qualitates.
292 1994 589 2047 animadvertimus
620 2010 688 2046 vero
715 2009 771 2044 non
800 1994 891 2045 solum

90 2061 233 2112 nascentia
260 2076 295 2112 ex
321 2059 365 2112 his
393 2076 456 2113 asse
482 2068 645 2129 procreata,
672 2061 722 2113 sed
742 2061 826 2112 etiam
843 2076 890 2112 res

90 2143 185 2180 omncs
200 2128 310 2197 nonali
324 2129 385 2181 sine
397 2143 493 2180 eorum
503 2135 645 2196 potestate
660 2143 749 2197 neque
761 2143 889 2181 crescere

90 2212 139 2248 nec
148 2196 230 2247 tueri.
266 2195 391 2263 Namque
402 2210 522 2263 corpora
535 2198 596 2248 sina
607 2198 722 2264 spiritus
735 2195 890 2248 redundan-

90 2265 127 2315 tia
140 2278 195 2314 non
206 2270 325 2329 possunt
336 2261 440 2315 habere
449 2264 548 2330 vitam,
562 2265 616 2317 nisi
632 2268 680 2316 air
693 2263 813 2316 influens
828 2279 888 2315 cum

90 2332 258 2383 incremento
273 2331 375 2383 iecerit
390 2336 488 2383 auctus
503 2338 532 2384 et
545 2333 726 2384 remissiones
746 2332 889 2383 continen-

90 2405 139 2450 ter.
176 2399 285 2450 Caloris
308 2399 420 2450 verosi
446 2413 501 2450 non
520 2399 654 2451 fueritin
673 2413 791 2466 corpore
815 2399 891 2449 iusta

90 2466 274 2531 comparatio,
289 2481 345 2517 non
355 2466 410 2518 erit
418 2466 533 2533 spiritus
544 2467 671 2518 animalis
681 2481 772 2534 neque
782 2466 888 2516 erectio

90 2533 179 2596 firma,
196 2534 307 2602 cibique
317 2535 391 2586 vires
402 2540 601 2601 nonpoterunt
611 2532 714 2585 habere
729 2533 888 2584 concoctio-

90 2602 130 2651 nis
143 2607 367 2668 temperaturam.
402 2601 471 2653 Item
485 2603 511 2654 si
520 2617 576 2654 non
589 2601 718 2653 terrestri
728 2600 791 2651 cibo
805 2613 888 2650 mem-

90 2666 137 2718 bra
150 2670 277 2736 corporis
286 2670 408 2734 alantur,
422 2669 568 2735 deficient,
584 2669 664 2722 etita
674 2667 805 2720 aterreni
814 2666 887 2733 prin-

90 2736 154 2806 cipii
168 2739 305 2793 mixtione
319 2743 401 2791 arant
419 2737 541 2791 deserta
576 2737 601 2791 8.
618 2735 758 2858 Αὖίἱιιαιία
776 2748 843 2787 vero
863 2735 888 2786 si
