2054 3090
121 185 171 237 att
313 187 369 240 ΒΕ
393 187 722 242 ARCHITECTURA

122 288 215 354 cyolio
227 289 274 340 ubi
282 291 417 342 estlitera
426 290 465 354 G,
479 290 597 343 ducatur
605 291 681 342 linea
689 289 841 359 parallelos
851 303 917 342 axo·

122 357 149 406 ni
178 357 214 407 ad
240 357 382 410 sinistrum
408 356 498 410 henric
519 359 616 421 olium,
642 359 691 411 uhi
713 365 757 409 est
777 358 862 408 litera
880 357 917 408 ll.

122 422 202 474 llaec
215 431 308 476 autem
321 425 473 492 parallelos
485 426 561 477 linea
572 431 687 477 vocatur
701 424 872 476 laeotomos:
891 431 919 476 et

121 497 178 540 tum
188 491 286 551 circini
296 500 420 544 centrum
430 493 623 544 collocandum
632 500 676 544 est
685 507 720 545 eo
729 493 796 554 loci,
808 507 863 559 quo
873 506 916 543 se·

121 564 167 608 cat
176 560 388 611 circinationem
395 561 608 630 aequinoctialis
620 560 725 622 radius,
733 559 782 611 uhi
789 560 846 610 crit
853 559 916 610 lits-

121 640 152 675 ra
160 625 199 688 X,
210 633 239 676 et
248 627 437 679 deducendum
448 629 483 679 ad
493 643 555 680 cum
564 627 670 691 locum,
684 642 739 694 quo
749 632 827 678 secat
836 625 917 678 circi·

121 694 260 743 nationem
274 697 396 746 aestivus
411 695 520 759 radius,
534 695 582 747 uhi
592 701 635 747 est
648 695 730 746 litera
743 694 779 745 ll.
814 693 838 744 E
853 707 916 745 ceu-

121 767 164 809 tro
175 762 373 826 aequinoctiali
382 763 532 814 intervallo
543 764 650 814 aestivo
661 762 806 814 circinatio
818 759 915 812 circuli

120 830 253 879 menstrui
267 837 379 897 agatur,
399 831 447 948 qui
460 845 592 881 menaeus
606 830 715 881 dicitur.
749 828 793 879 lta
803 826 916 880 habehi-

120 901 166 944 tur
184 896 383 948 analemmatos
422 896 578 949 eiormatio.
612 898 638 949 1.
658 898 725 948 Cum
747 894 802 947 hoo
820 896 860 946 ita
879 896 918 947 sit

121 961 288 1029 descriptum
307 971 336 1016 et
354 965 519 1031 explicatum
538 966 596 1016 sive
615 963 811 1032 perhibemus
828 963 917 1014 lineas

121 1030 180 1080 sive
193 1045 243 1096 per
256 1033 377 1084 aestivas
392 1033 451 1084 sire
466 1047 515 1098 per
530 1047 563 1083 ae
582 1031 749 1084 uinoctialcs
766 1037 814 1082 out
832 1030 917 1082 etiam

120 1111 170 1162 per
183 1106 351 1162 menstruas,
370 1101 399 1149 in
412 1099 579 1151 subiectionr
600 1116 631 1151 us
643 1100 767 1151 rationes
785 1096 918 1149 horarum

122 1172 202 1216 erunt
212 1181 248 1218 cx
260 1168 450 1218 analemmatis
466 1167 665 1219 describendae
679 1166 918 1233 subiicieuturque

121 1234 149 1282 in
163 1247 197 1283 co
212 1234 314 1285 multae
330 1235 479 1286 varietates
493 1241 522 1286 et
535 1249 639 1303 genera
647 1232 874 1302 horologiorum,
891 1238 920 1284 et

121 1300 312 1353 describentur
334 1303 489 1354 rationibus
513 1299 557 1353 his
585 1302 753 1354 artificiosis.
789 1301 917 1352 Omnium

121 1373 212 1419 autem
227 1369 376 1435 figurarum
395 1370 666 1439 descriptionumque
685 1383 780 1420 earum
797 1364 917 1420 effectus

121 1449 204 1497 unus,
223 1437 265 1486 uti
284 1436 344 1487 dics
363 1437 576 1503 aequinoctialia
593 1436 782 1504 brumalisque
795 1436 918 1503 itemque

120 1501 277 1554 solstitialis
291 1504 319 1553 in
333 1503 478 1555 duodecim
484 1511 582 1572 partes
592 1504 746 1572 aequaliter
754 1503 792 1555 sit
801 1502 917 1554 divisus.

122 1568 196 1630 Quas
206 1583 251 1620 res
261 1585 316 1620 non
326 1571 440 1638 pigritia
453 1571 602 1623 deterritus
616 1570 803 1690 praetermisi,
818 1570 868 1622 sed
883 1585 918 1621 ne

120 1636 206 1689 multa
220 1637 367 1690 scribendo
379 1637 530 1690 offendam:
543 1640 616 1706 aqui
635 1653 722 1706 usque
732 1639 845 1690 iuventa
854 1646 918 1689 sunt

140 1719 224 1755 onera
249 1706 506 1773 descriptionesque
533 1704 744 1774 horologiorum
771 1720 917 1772 exponam.

119 1719 918 1908 iili:siliiihiiatiiilhi?tumuli

120 1908 200 1958 nobis
209 1909 312 1960 tradita
322 1915 423 1960 suntet
432 1925 449 1960 a
458 1909 557 1976 quibus
567 1910 623 1961 sint
631 1910 753 1972 inventa,
763 1908 862 1960 dicam.

400 2023 531 2076 CAPUT
550 2022 634 2076 Vlll.

446 2086 589 2146 (ninom.)

120 2160 917 2281 (Deqooruudomhorologioruminventionibus:

135 2233 171 2282 de
210 2230 373 2350 oroloqt't'r
390 2248 426 2283 ex
442 2247 540 2299 aquo:
560 2232 633 2284 etde
648 2229 834 2298 horologiis
851 2228 901 2281 hi·

326 2298 412 2350 eruit
430 2300 480 2350 uel
497 2298 733 2367 anaphorica.)

168 2382 371 2451 Hemicyclium
382 2391 542 2434 excavatum
553 2383 731 2450 exquadrata
742 2382 777 2433 ad
787 2381 917 2432 enclima-

137 2466 171 2503 ue
190 2451 328 2502 succisum
336 2450 459 2502 Berosus
468 2449 623 2502 Chaldaeus
642 2451 744 2502 dicitur
761 2449 916 2512 invenirem

116 2470 244 2587 §cephen
268 2519 326 2570 sive
350 2516 582 2584 hemisphaerium
599 2515 773 2570 Aristarchus
793 2516 916 2569 simun

115 2588 190 2640 idem
210 2586 294 2637 etiam
309 2587 414 2638 discum
428 2587 456 2636 in
474 2587 603 2652 planitia:
621 2584 765 2637 Arachnen
782 2584 915 2635 Eudoxus

111 2653 292 2721 &amologun
307 2653 432 2705 nonnulli
442 2653 538 2705 dicunt
545 2653 729 2720 Apollonium.
764 2647 916 2703 Plinthium

110 2724 176 2777 sire
189 2722 318 2785 lacunar,
333 2722 408 2788 quod
421 2721 504 2773 etiam
513 2721 542 2772 in
550 2720 632 2774 Circo
641 2719 779 2774 Flaminio
789 2725 833 2771 cst
841 2717 906 2786 posi

87 2944 111 3043 ι.
