2046 3352
117 189 152 238 18
317 189 372 240 DE
402 191 721 245 ARCHITECTURA

118 291 927 360 contraquetetrantescolumnarumtriglyphiconstituun-

119 366 174 423 tur;
187 360 285 426 quibus
298 360 326 409 in
336 360 407 410 locis
424 361 536 410 omnino
547 377 602 411 non
612 362 716 428 patitur
725 376 771 412 res
781 360 924 412 fenestras

118 428 186 477 lieri.
212 427 410 477 Dissolvuntur
421 427 492 476 enim
501 428 666 494 angulorum
675 429 704 479 in
715 428 851 479 aediliciis
862 427 924 478 iun·

119 502 226 556 cturae,
243 494 266 543 si
280 495 309 542 in
323 491 367 543 liis
380 492 486 544 fuerint
499 493 685 546 fenestrarum
695 496 799 546 lumina
808 494 922 545 relicta:

118 558 459 627 etiamqueubinunctrigl
481 561 748 631 phiconstituuntur‚
755 563 781 612 si
790 561 830 612 ibi
841 561 922 610 lumi-

118 644 181 678 num
201 628 292 693 spatia
311 626 400 677 fuisse
419 627 449 677 iu
469 628 629 692 icabuntur,
647 628 748 680 iisdem
765 627 923 679 rationibus

118 695 253 745 denticuli
266 695 295 744 in
306 694 409 745 ionicis
420 693 605 746 fenestrarum
617 695 798 763 occupavisse
808 694 873 745 loca
882 693 921 745 vi·

117 762 262 812 debuntur.
297 761 420 828 Utraque
431 762 513 824 enim,
524 763 634 813 etinter
643 763 799 814 denticulos
810 761 924 813 etinter

115 825 921 910 triglyphosquaesuntintervallametopaenominanturt

116 893 179 950 ὀηας
190 896 262 951 enim
269 895 370 945 Graeci
380 897 521 962 tignorum
536 896 640 947 cubilia
651 904 679 948 et
689 911 815 948 asserum
825 893 921 962 appel-

116 963 187 1024 iant,
202 963 244 1012 uti
260 963 350 1013 nostri
369 977 403 1012 ea
421 979 489 1014 cava
503 963 686 1014 columbaria:
704 965 745 1014 ita
756 962 831 1031 quod
845 963 929 1027 inter

116 1030 184 1080 duas
200 1045 268 1096 opas
283 1037 327 1080 est
341 1030 546 1098 intertignium,
561 1031 591 1081 id
605 1036 719 1096 metopa
733 1037 777 1082 cst
786 1029 859 1096 apud
869 1043 920 1082 eos

116 1098 294 1148 nominatum.
330 1097 355 1148 5.
374 1098 417 1148 lta
426 1098 468 1148 uti
478 1099 581 1149 antein
590 1097 703 1149 Derieis
714 1095 920 1166 triglyphorum

116 1171 145 1215 et
157 1165 325 1216 mutulorum
341 1171 385 1216 est
398 1166 510 1216 inventa
519 1165 607 1228 ratio,
621 1167 688 1217 item
698 1166 728 1215 in
737 1165 841 1216 ionicis
852 1164 920 1215 den·

116 1232 264 1282 ticulorum
276 1233 441 1283 constitutio
469 1233 592 1299 ropriam
602 1233 631 1282 in
638 1232 771 1300 operibus
781 1230 867 1283 habet
875 1246 920 1282 ra·

115 1300 232 1349 tionem:
245 1248 918 1366 ctquemadmodummutulicantheriorumproie·

116 1371 210 1415 cturae
224 1364 319 1415 ierunt
331 1367 496 1432 imaginem,
516 1367 557 1416 sic
571 1368 599 1417 in
614 1367 717 1418 ionicis
732 1365 869 1418 denticuli
883 1379 919 1419 ex

116 1432 284 1497 proiecturis
300 1447 424 1482 asserum
439 1431 543 1484 habent
555 1434 748 1485 imitationem.
784 1432 919 1501 ltaquein

116 1499 224 1565 graecis
236 1499 366 1564 operibus
377 1513 458 1549 nemo
470 1500 521 1550 sub
531 1502 637 1553 mutulo
648 1502 806 1553 denticulos
816 1500 919 1551 consti·

115 1566 180 1616 tuit:
195 1580 251 1616 non
262 1566 334 1618 enim
347 1573 466 1632 possunt
474 1566 572 1618 subtus
583 1567 744 1620 cantherios
754 1581 865 1619 asseres
876 1581 919 1618 es·

116 1648 155 1684 se.
189 1633 271 1693 Quod
282 1647 351 1700 ergo
362 1648 446 1700 supra
454 1631 614 1686 cantherios
626 1642 655 1687 et
663 1635 768 1702 templa
777 1635 806 1685 in
815 1634 917 1687 verita-

115 1709 142 1751 te
158 1698 243 1751 debet
256 1715 319 1751 esse
334 1700 518 1764 collocatum,
537 1702 566 1752 id
579 1703 608 1753 in
621 1702 789 1770 imaginibus
804 1702 830 1752 si
842 1699 918 1752 inira

115 1768 298 1819 constitutum
312 1766 410 1831 luerit,
426 1768 589 1820 mendosam
603 1767 718 1820 habebit
727 1768 822 1836 operis
830 1768 917 1819 ratio·

114 1851 185 1886 nem.
203 1835 295 1887 Etiam
316 1836 529 1903 ueantiquinon
558 1835 916 1902 robavcruntnequeinsti-

114 1909 238 1965 tucrum,
252 1903 282 1954 in
295 1851 418 1970 fastigiis
433 1851 591 1955 denticubos
605 1903 667 1955 lieri
676 1903 727 1955 sed
741 1916 825 1970 puras
836 1915 916 1953 coro·

114 1986 175 2022 iias:
190 1971 255 2022 ideo
285 1970 341 2022 uod
355 1985 407 2021 nec
420 1969 559 2022 cantherii
571 1985 624 2022 nec
637 1984 747 2021 asseres
762 1974 861 2022 contra
874 1967 915 2020 ia-

113 1985 916 2106 nigrorumbontesdistribnuntunneepossuntpromino

113 2104 401 2167 re,sedadstillicidia
411 2104 561 2172 proclinati
571 2105 753 2156 collocantur.
788 2104 832 2155 lta
857 2101 916 2154 uod

114 2187 168 2221 non
179 2178 273 2236 potest
281 2172 310 2220 in
320 2172 438 2223 veritate
449 2172 519 2235 fleri,
529 2171 559 2223 id
568 2187 623 2223 non
652 2118 915 2223 staveruntinbma·

113 2238 224 2300 pinibus
242 2237 346 2288 factum
364 2253 448 2305 posse
467 2245 572 2290 certam
589 2254 622 2290 ra
646 2253 728 2290 onem
741 2237 853 2290 habere.
888 2233 914 2290 b.

141 2305 214 2355 mnia
228 2305 300 2355 enim
317 2311 395 2356 certa
427 2307 581 2373 roprietate
592 2312 621 2357 et
631 2305 731 2357 aseris
741 2311 858 2357 naturae
868 2302 915 2356 ds-

113 2373 204 2424 ductis
219 2372 343 2424 moribus
353 2321 538 2426 tracfuxerunt
546 2375 601 2424 ino
623 2371 915 2440 erumperiectioues,

112 2447 142 2492 et
152 2455 185 2491 cn
195 2440 394 2507 probaverunt,
411 2456 528 2508 quorum
539 2441 742 2508 explicationes
750 2440 780 2491 in
792 2439 915 2506 disputa·

112 2509 237 2559 tionibus
247 2508 319 2566 ratio
341 2522 384 2559 ern
398 2514 516 2576 possunt
528 2506 632 2559 habere
646 2507 783 2560 veritatis.
817 2506 915 2573 ltaque

112 2590 147 2625 ex
162 2577 203 2626 cis
218 2525 373 2642 0r1g1nrbus
388 2576 566 2644 symmetrias
577 2582 606 2627 et
632 2575 811 2642 repertiones
820 2572 915 2625 unias·

112 2642 247 2708 cuiusque
266 2644 378 2709 generis
397 2643 565 2694 constitutas
581 2590 770 2761 reblpuerunt:
815 2653 916 2692 uorum

113 2709 256 2775 ingressus
271 2718 435 2775 persecutus
446 2711 481 2761 de
490 2709 594 2762 lonicls
604 2715 634 2762 et
666 2706 796 2767 orlntbiis
850 2707 915 2762 tim

13 2842 709 3238 ‘sb-...f
